%
% A
%

@BOOK{Abramowitz1965,
   author = {{Abramowitz}, M. and {Stegun}, I.~A.},
    title = "{Handbook of mathematical functions with formulas, graphs, and mathematical tables}",
booktitle = {Dover Books on Advanced Mathematics, New York: Dover, |c1965, Corrected edition, edited by Abramowitz, Milton; Stegun, Irene A.},
     year = 1965,
   adsurl = {http://adsabs.harvard.edu/abs/1965hmfw.book.....A},
  adsnote = {Provided by the SAO/NASA Astrophysics Data System}
}

@Article{Allcock2017,
author="Allcock, Matthew
and Erd{\'e}lyi, Robert",
title="Magnetohydrodynamic Waves in an Asymmetric Magnetic Slab",
journal="Solar Physics",
year="2017",
volume="292",
number="2",
pages="35",
doi="10.1007/s11207-017-1054-y",
}

@ARTICLE{Allcock2018,
       author = {{Allcock}, Matthew and {Erd{\'e}lyi}, Robert},
        title = "{Solar Magnetoseismology with Magnetoacoustic Surface Waves in Asymmetric
        Magnetic Slab Waveguides}",
      journal = {\apj},
     keywords = {magnetohydrodynamics: MHD, plasmas, Sun: atmosphere, Sun: oscillations,
        waves},
         year = 2018,
        month = Mar,
       volume = {855},
          eid = {90},
        pages = {90},
          doi = {10.3847/1538-4357/aaad0c},
       adsurl = {https://ui.adsabs.harvard.edu/#abs/2018ApJ...855...90A},
      adsnote = {Provided by the SAO/NASA Astrophysics Data System}
}

@article{Andries2009,
author={Andries, J. and Van Doorsselaere, T. and Roberts, B. and Verth, G. and Verwichte, E. and Erd√©lyi, R.},
year={2009},
issn={0038-6308},
journal={Space Science Reviews},
volume={149},
title={Coronal Seismology by Means of Kink Oscillation Overtones},
publisher={Springer Netherlands},
keywords={Magnetohydrodynamics (MHD); Waves; Sun-corona; Sun-magnetic fields; Sun-oscillations},
pages={3-29},
language={English}
}

@ARTICLE{Anfinogentov2015,
   author = {{Anfinogentov}, S.~A. and {Nakariakov}, V.~M. and {Nistic{\`o}}, G.
	},
    title = "{Decayless low-amplitude kink oscillations: a common phenomenon in the solar corona?}",
  journal = {\aap},
archivePrefix = "arXiv",
   eprint = {1509.05519},
 primaryClass = "astro-ph.SR",
 keywords = {Sun: corona - Sun: oscillations - methods: observational},
     year = 2015,
    month = nov,
   volume = 583,
      eid = {A136},
    pages = {A136},
      doi = {10.1051/0004-6361/201526195},
   adsurl = {http://adsabs.harvard.edu/abs/2015A%26A...583A.136A},
  adsnote = {Provided by the SAO/NASA Astrophysics Data System}
}

@ARTICLE{Anfinogentov2013,
   author = {{Anfinogentov}, S. and {Nistic{\`o}}, G. and {Nakariakov}, V.~M.
	},
    title = "{Decay-less kink oscillations in coronal loops}",
  journal = {\aap},
 keywords = {Sun: corona, Sun: oscillations, methods: observational},
     year = 2013,
    month = dec,
   volume = 560,
      eid = {A107},
    pages = {A107},
      doi = {10.1051/0004-6361/201322094},
   adsurl = {http://adsabs.harvard.edu/abs/2013A%26A...560A.107A},
  adsnote = {Provided by the SAO/NASA Astrophysics Data System}
}

@ARTICLE{Antolin2014,
   author = {{Antolin}, P. and {Yokoyama}, T. and {Van Doorsselaere}, T.},
    title = "{Fine Strand-like Structure in the Solar Corona from Magnetohydrodynamic Transverse Oscillations}",
  journal = {\apjl},
archivePrefix = "arXiv",
   eprint = {1405.0076},
 primaryClass = "astro-ph.SR",
 keywords = {magnetohydrodynamics: MHD, Sun: activity, Sun: corona, Sun: filaments, prominences, Sun: oscillations },
     year = 2014,
    month = jun,
   volume = 787,
      eid = {L22},
    pages = {L22},
      doi = {10.1088/2041-8205/787/2/L22},
   adsurl = {http://adsabs.harvard.edu/abs/2014ApJ...787L..22A},
  adsnote = {Provided by the SAO/NASA Astrophysics Data System}
}

@ARTICLE{Antolin2016,
   author = {{Antolin}, P. and {De Moortel}, I. and {Van Doorsselaere}, T. and 
	{Yokoyama}, T.},
    title = "{Modeling Observed Decay-less Oscillations as Resonantly Enhanced Kelvin-Helmholtz Vortices from Transverse MHD Waves and Their Seismological Application}",
  journal = {\apjl},
archivePrefix = "arXiv",
   eprint = {1609.09716},
 primaryClass = "astro-ph.SR",
 keywords = {magnetohydrodynamics: MHD, Sun: activity, Sun: corona, Sun: oscillations},
     year = 2016,
    month = oct,
   volume = 830,
      eid = {L22},
    pages = {L22},
      doi = {10.3847/2041-8205/830/2/L22},
   adsurl = {http://adsabs.harvard.edu/abs/2016ApJ...830L..22A},
  adsnote = {Provided by the SAO/NASA Astrophysics Data System}
}

@ARTICLE{Antolin2017,
   author = {{Antolin}, P. and {De Moortel}, I. and {Van Doorsselaere}, T. and 
	{Yokoyama}, T.},
    title = "{Observational Signatures of Transverse Magnetohydrodynamic Waves and Associated Dynamic Instabilities in Coronal Flux Tubes}",
  journal = {\apj},
 keywords = {magnetohydrodynamics: MHD, Sun: activity, Sun: corona, Sun: filaments, prominences, Sun: oscillations},
     year = 2017,
    month = feb,
   volume = 836,
      eid = {219},
    pages = {219},
      doi = {10.3847/1538-4357/aa5eb2},
   adsurl = {http://adsabs.harvard.edu/abs/2017ApJ...836..219A},
  adsnote = {Provided by the SAO/NASA Astrophysics Data System}
}

@ARTICLE{Aschwanden1999,
   author = {{Aschwanden}, M.~J. and {Fletcher}, L. and {Schrijver}, C.~J. and 
	{Alexander}, D.},
    title = "{Coronal Loop Oscillations Observed with the Transition Region and Coronal Explorer}",
  journal = {\apj},
 keywords = {SUN: CORONA, SUN: FLARES, SUN: OSCILLATIONS, SUN: UV RADIATION, Sun: Corona, Sun: Flares, Sun: Oscillations, Sun: UV Radiation},
     year = 1999,
    month = aug,
   volume = 520,
    pages = {880-894},
      doi = {10.1086/307502},
   adsurl = {http://adsabs.harvard.edu/abs/1999ApJ...520..880A},
  adsnote = {Provided by the SAO/NASA Astrophysics Data System}
}

@ARTICLE{Aschwanden2002,
   author = {{Aschwanden}, M.~J.},
    title = "{Particle acceleration and kinematics in solar flares - A Synthesis of Recent Observations and Theoretical Concepts (Invited Review)}",
  journal = {Space Science Reviews},
 keywords = {solar flares, particle acceleration, particle kinematics, nonthermal particles, hard X-ray emission, soft X-ray emission, radio emission},
     year = 2002,
    month = jan,
   volume = 101,
    pages = {1-227},
      doi = {10.1023/A:1019712124366},
}

@BOOK{Aschwanden2004,
       author = {{Aschwanden}, Markus J.},
        title = "{Physics of the Solar Corona. An Introduction}",
    booktitle = {Physics of the Solar Corona. An Introduction, by M.J. Aschwanden.
        Published by Praxis Publishing Ltd., Chichester, UK, and
        Springer-Verlag Berlin ISBN..3-540-22321-5, 2004.},
         year = 2004,
       adsurl = {https://ui.adsabs.harvard.edu/#abs/2004psci.book.....A},
      adsnote = {Provided by the SAO/NASA Astrophysics Data System}
}

@ARTICLE{Aschwanden2007,
   author = {{Aschwanden}, M.~J. and {Winebarger}, A. and {Tsiklauri}, D. and 
	{Peter}, H.},
    title = "{The Coronal Heating Paradox}",
  journal = {The Astrophysical Journal},
 keywords = {Sun: Chromosphere, Sun: Corona, Hydrodynamics},
     year = 2007,
    month = apr,
   volume = 659,
    pages = {1673-1681},
      doi = {10.1086/513070},
   adsurl = {http://adsabs.harvard.edu/abs/2007ApJ...659.1673A},
  adsnote = {Provided by the SAO/NASA Astrophysics Data System}
}

@ARTICLE{Avrett2008,
       author = {{Avrett}, Eugene H. and {Loeser}, Rudolf},
        title = "{Models of the Solar Chromosphere and Transition Region from SUMER and
        HRTS Observations: Formation of the Extreme-Ultraviolet Spectrum
        of Hydrogen, Carbon, and Oxygen}",
      journal = {The Astrophysical Journal Supplement Series},
     keywords = {atomic data, line: profiles, radiative transfer, Sun: chromosphere, Sun:
        transition region, Sun: UV radiation},
         year = 2008,
        month = Mar,
       volume = {175},
          doi = {10.1086/523671},
       adsurl = {https://ui.adsabs.harvard.edu/#abs/2008ApJS..175..229A},
      adsnote = {Provided by the SAO/NASA Astrophysics Data System}
}

%
% B
%

@ARTICLE{Barbulescu2016,
   author = {{Barbulescu}, M. and {Erd{\'e}lyi}, R.},
    title = "{Propagation of Long-Wavelength Nonlinear Slow Sausage Waves in Stratified Magnetic Flux Tubes}",
  journal = {Solar Physics},
 keywords = {Magnetohydrodynamics, Nonlinear waves},
     year = 2016,
    month = may,
   volume = 291,
    pages = {1369-1384},
      doi = {10.1007/s11207-016-0906-1}
}

@Article{Barbulescu2018,
author="Barbulescu, M.
and Erd{\'e}lyi, R.",
title="Magnetoacoustic Waves and the Kelvin--Helmholtz Instability in a Steady Asymmetric Slab",
journal="Solar Physics",
year="2018",
month="May",
day="28",
volume="293",
number="6",
pages="86",
issn="1573-093X",
doi="10.1007/s11207-018-1305-6"
}

@ARTICLE{Bennett1999,
       author = {{Bennett}, K. and {Roberts}, B. and {Narain}, U.},
        title = "{Waves in Twisted Magnetic Flux Tubes}",
      journal = {\solphys},
         year = 1999,
        month = Mar,
       volume = {185},
        pages = {41-59},
          doi = {10.1023/A:1005141432432},
       adsurl = {https://ui.adsabs.harvard.edu/#abs/1999SoPh..185...41B},
      adsnote = {Provided by the SAO/NASA Astrophysics Data System}
}

@ARTICLE{Berger2010,
   author = {{Berger}, T.~E. and {Slater}, G. and {Hurlburt}, N. and {Shine}, R. and 
	{Tarbell}, T. and {Title}, A. and {Lites}, B.~W. and {Okamoto}, T.~J. and 
	{Ichimoto}, K. and {Katsukawa}, Y. and {Magara}, T. and {Suematsu}, Y. and 
	{Shimizu}, T.},
    title = "{Quiescent Prominence Dynamics Observed with the Hinode Solar Optical Telescope. I. Turbulent Upflow Plumes}",
  journal = {The Astrophysical Journal},
 keywords = {Sun: chromosphere, Sun: corona, Sun: coronal mass ejections: CMEs, Sun: filaments, prominences},
     year = 2010,
    month = jun,
   volume = 716,
    pages = {1288-1307},
      doi = {10.1088/0004-637X/716/2/1288},
}

@article{Blaauwgeers2002,
  title = "{Shear Flow and Kelvin-Helmholtz Instability in Superfluids}",
  author = {Blaauwgeers, R. and Eltsov, V. B. and Eska, G. and Finne, A. P. and Haley, R. P. and Krusius, M. and Ruohio, J. J. and Skrbek, L. and Volovik, G. E.},
  journal = {Phys. Rev. Lett.},
  volume = {89},
  issue = {15},
  pages = {155301},
  numpages = {4},
  year = {2002},
  month = {Sep},
  publisher = {American Physical Society},
  doi = {10.1103/PhysRevLett.89.155301}
}

@ARTICLE{Bloecker1995,
       author = {{Bloecker}, T.},
        title = "{Stellar evolution of low and intermediate-mass stars. I. Mass loss on
        the AGB and its consequences for stellar evolution.}",
      journal = {\aap},
     keywords = {STARS: EVOLUTION, STARS: MASS LOSS, STARS: AGB, POST-AGB},
         year = 1995,
        month = May,
       volume = {297},
        pages = {727},
       adsurl = {https://ui.adsabs.harvard.edu/#abs/1995A&A...297..727B},
      adsnote = {Provided by the SAO/NASA Astrophysics Data System}
}

@ARTICLE{Bogdanova2018,
       author = {{Bogdanova}, M. and {Zhelyazkov}, I. and {Joshi}, R. and {Chandra}, R.},
        title = "{Solar jet on 2014 April 16 modeled by Kelvin-Helmholtz instability}",
      journal = {\na},
     keywords = {Sun: solar jets, Sun: reconnections, KH instability, Astrophysics -
        Solar and Stellar Astrophysics},
         year = 2018,
        month = Aug,
       volume = {63},
        pages = {75-87},
          doi = {10.1016/j.newast.2018.03.001},
       adsurl = {https://ui.adsabs.harvard.edu/#abs/2018NewA...63...75B},
      adsnote = {Provided by the SAO/NASA Astrophysics Data System}
}

@ARTICLE{Bouvier2010,
       author = {{Bouvier}, Audrey and {Wadhwa}, Meenakshi},
        title = "{The age of the Solar System redefined by the oldest Pb-Pb age of a
        meteoritic inclusion}",
      journal = {Nature Geoscience},
         year = 2010,
        month = Sep,
       volume = {3},
        pages = {637-641},
          doi = {10.1038/ngeo941},
       adsurl = {https://ui.adsabs.harvard.edu/#abs/2010NatGe...3..637B},
      adsnote = {Provided by the SAO/NASA Astrophysics Data System}
}

@BOOK{Boyd2003,
       author = {{Boyd}, T.~J.~M. and {Sanderson}, J.~J.},
        title = "{The Physics of Plasmas}",
    booktitle = {"The Physics of Plasmas, by T. J. M. Boyd and J. J. Sanderson, pp. 544.
        ISBN 0521452902. Cambridge, UK: Cambridge University Press,
        February 2003. <A href="http://www.cambridge.org/us/catalogue/ca
        talogue.asp?isbn=0521459125.">http://www.cambridge.org/us/catalo
        gue/catalogue.asp?isbn=0521459125.</A>"},
         year = 2003,
       adsurl = {https://ui.adsabs.harvard.edu/#abs/2003phpl.book.....B},
      adsnote = {Provided by the SAO/NASA Astrophysics Data System}
}

@ARTICLE{Braginskii1965,
       author = {{Braginskii}, S.~I.},
        title = "{Transport Processes in a Plasma}",
      journal = {Reviews of Plasma Physics},
         year = 1965,
        month = Jan,
       volume = {1},
        pages = {205},
       adsurl = {https://ui.adsabs.harvard.edu/#abs/1965RvPP....1..205B},
      adsnote = {Provided by the SAO/NASA Astrophysics Data System}
}

@ARTICLE{Browning1984,
       author = {{Browning}, P.~K. and {Priest}, E.~R.},
        title = "{Kelvin-Helmholtz instability of a phased-mixed Alfven wave}",
      journal = {\aap},
     keywords = {Kelvin-Helmholtz Instability, Magnetohydrodynamic Waves, Plasma Heating,
        Solar Corona, Hydrodynamic Equations, Mixing, Velocity
        Distribution, Plasma Physics},
         year = 1984,
        month = Feb,
       volume = {131},
        pages = {283-290},
       adsurl = {https://ui.adsabs.harvard.edu/#abs/1984A&A...131..283B},
      adsnote = {Provided by the SAO/NASA Astrophysics Data System}
}

%
% C
%

@article{Cairns1979,
title={The role of negative energy waves in some instabilities of parallel flows},
volume={92},
DOI={10.1017/S0022112079000495},
number={1},
journal={Journal of Fluid Mechanics},
publisher={Cambridge University Press},
author={Cairns, R. A.},
year={1979},
pages={1‚Äì14}}

@INPROCEEDINGS{Capitaine2012,
       author = {{Capitaine}, Nicole and {Klioner}, Sergei and {McCarthy}, Dennis},
        title = "{The re-definition of the astronomical unit of length:reasons and
        consequences}",
    booktitle = {IAU Joint Discussion 7: Space-Time Reference Systems for Future Research at IAU General Assembly-Beijing.},
         year = 2012,
       volume = {7},
        month = Aug,
       adsurl = {https://ui.adsabs.harvard.edu/#abs/2012IAUJD...7E..40C},
      adsnote = {Provided by the SAO/NASA Astrophysics Data System}
}

@BOOK{Chandrasekhar1961,
       author = {{Chandrasekhar}, Subrahmanyan},
        title = "{Hydrodynamic and hydromagnetic stability}",
    booktitle = {International Series of Monographs on Physics, Oxford: Clarendon, 1961},
         year = 1961,
       adsurl = {https://ui.adsabs.harvard.edu/#abs/1961hhs..book.....C},
      adsnote = {Provided by the SAO/NASA Astrophysics Data System}
}

@BOOK{Chapman1970,
       author = {{Chapman}, Sydeny and {Cowling}, T.~G.},
        title = "{The mathematical theory of non-uniform gases. an account of the kinetic
        theory of viscosity, thermal conduction and diffusion in gases}",
    booktitle = {Cambridge: University Press, 1970, 3rd ed.},
         year = 1970,
       adsurl = {https://ui.adsabs.harvard.edu/#abs/1970mtnu.book.....C},
      adsnote = {Provided by the SAO/NASA Astrophysics Data System}
}

@ARTICLE{Chargeishvili2016,
   author = {{Chargeishvili}, B.~B. and {Japaridze}, D.~R.},
    title = "{Axisymmetric and non-axisymmetric modulated MHD waves in magnetic flux tubes}",
  journal = {New Astronomy},
 keywords = {Physical data and processes: MHD, Physical data and processes: waves, Sun: chromosphere, Sun: magnetic fields},
     year = {2016},
   volume = {43},
    pages = {37-41},
}

@book{Coddington1955,
  title={Theory of ordinary differential equations},
  author={Coddington, Earl A and Levinson, Norman},
  year={1955},
  publisher={Tata McGraw-Hill Education}
}

@ARTICLE{Cram1975,
       author = {{Cram}, L.~E. and {Wilson}, P.~R.},
        title = "{Hydromagnetic Waves in Structured Magnetic Fields}",
      journal = {\solphys},
     keywords = {Energy Transfer, Magnetic Effects, Magnetohydrodynamic Waves, Solar
        Atmosphere, Solar Magnetic Field, Astronomical Models, Dynamic
        Response, Magnetic Field Configurations, Solar Wind, Sunspots,
        Wave Propagation, Solar Physics},
         year = 1975,
        month = Apr,
       volume = {41},
        pages = {313-327},
          doi = {10.1007/BF00154069},
       adsurl = {https://ui.adsabs.harvard.edu/#abs/1975SoPh...41..313C},
      adsnote = {Provided by the SAO/NASA Astrophysics Data System}
}

%
% D
%

@article{DeMoortel2009,
author={De Moortel, I.},
year={2009},
issn={0038-6308},
journal={Space Science Reviews},
volume={149},
title={Longitudinal Waves in Coronal Loops},
publisher={Springer Netherlands},
keywords={Solar activity; Solar corona; Coronal seismology; Coronal loops},
pages={65-81},
}

@ARTICLE{DeMoortel2012,
   author = {{De Moortel}, I. and {Nakariakov}, V.~M.},
    title = "{Magnetohydrodynamic waves and coronal seismology: an overview of recent results}",
  journal = {Philosophical Transactions of the Royal Society of London Series A},
   eprint = {1202.1944},
     year = 2012,
    month = jul,
   volume = 370,
    pages = {3193-3216},
      doi = {10.1098/rsta.2011.0640},
}

@article{Defouw1976,
author = {{Defouw}, R.~J.},
title = "{Wave Propagation Along a Magnetic Tube}",
journal = {The Astrophysical Journal},
keywords = {Longitudinal Waves, Magnetic Field Configurations, Solar Atmosphere, Solar Granulation, Solar Magnetic Field, Atmospheric Stratification, Critical Frequencies, Filaments, Magnetohydrodynamic Waves, Propagation Velocity, Solar Physics},
year = 1976,
volume = 209,
pages = {266-269},
}

@ARTICLE{dePontieu2007,
   author = {{de Pontieu}, B. and {McIntosh}, S. and {Hansteen}, V.~H. and 
	{Carlsson}, M. and {Schrijver}, C.~J. and {Tarbell}, T.~D. and 
	{Title}, A.~M. and {Shine}, R.~A. and {Suematsu}, Y. and {Tsuneta}, S. and 
	{Katsukawa}, Y. and {Ichimoto}, K. and {Shimizu}, T. and {Nagata}, S.
	},
    title = "{A Tale of Two Spicules: The Impact of Spicules on the Magnetic Chromosphere}",
  journal = {Publications of the Astronomical Society of Japan},
     year = 2007,
    month = nov,
   volume = 59,
    pages = {S655-S662},
      doi = {10.1093/pasj/59.sp3.S655},
}

@incollection{Drazin2015,
title = "{DYNAMICAL METEOROLOGY | Kelvin--Helmholtz Instability}",
editor = "North, Gerald R. and Pyle, John  and Zhang, Fuqing ",
booktitle = "Encyclopedia of Atmospheric Sciences (Second Edition) ",
publisher = "Academic Press",
edition = "Second Edition",
address = "Oxford",
year = "2015",
pages = "343 - 346",
isbn = "978-0-12-382225-3",
doi = "https://doi.org/10.1016/B978-0-12-382225-3.00190-0",
author = "P.G. Drazin"
}

@ARTICLE{Duckenfield2018,
   author = {{Duckenfield}, T. and {Anfinogentov}, S.~A. and {Pascoe}, D.~J. and 
	{Nakariakov}, V.~M.},
    title = "{Detection of the Second Harmonic of Decay-less Kink Oscillations in the Solar Corona}",
  journal = {\apjl},
 keywords = {magnetohydrodynamics: MHD, methods: observational, Sun: atmosphere, Sun: corona, Sun: oscillations, waves },
     year = 2018,
    month = feb,
   volume = 854,
      eid = {L5},
    pages = {L5},
      doi = {10.3847/2041-8213/aaaaeb},
   adsurl = {http://adsabs.harvard.edu/abs/2018ApJ...854L...5D},
  adsnote = {Provided by the SAO/NASA Astrophysics Data System}
}

@ARTICLE{Dymova2006,
   author = {{Dymova}, M.~V. and {Ruderman}, M.~S.},
    title = "{Resonantly damped oscillations of longitudinally stratified coronal loops}",
  journal = {\aap},
 keywords = {magnetohydrodynamics (MHD), waves, plasmas},
     year = 2006,
    month = oct,
   volume = 457,
    pages = {1059-1070},
      doi = {10.1051/0004-6361:20065051}
}

%
% E
%

@ARTICLE{Edwin1982,
       author = {{Edwin}, P.~M. and {Roberts}, B.},
        title = "{Wave Propagation in a Magnetically Structured Atmosphere - Part Three -
        the Slab in a Magnetic Environment}",
      journal = {\solphys},
     keywords = {Magnetohydrodynamic Waves, Plasma Slabs, Solar Atmosphere, Solar Corona,
        Wave Propagation, Compressibility Effects, Love Waves,
        Magnetoacoustic Waves, Photosphere, Propagation Modes,
        Propagation Velocity, Surface Waves, Wave Dispersion, Solar
        Physics},
         year = 1982,
        month = Mar,
       volume = {76},
        pages = {239-259},
          doi = {10.1007/BF00170986},
       adsurl = {https://ui.adsabs.harvard.edu/#abs/1982SoPh...76..239E},
      adsnote = {Provided by the SAO/NASA Astrophysics Data System}
}

@article{Edwin1983,
author = {{Edwin}, P.~M. and {Roberts}, B.},
title = "{Wave Propagation in a Magnetic Cylinder}",
journal = {Solar Physics},
keywords = {Coronal Loops, Magnetoacoustic Waves, Plasma Cylinders, Solar Atmosphere, Solar Oscillations, Wave Propagation, Love Waves, Photosphere, Solar Magnetic Field},
year = 1983,
volume = 88,
pages = {179-191},
}

@ARTICLE{Erdelyi2006,
       author = {{Erd{\'e}lyi}, Robert and {Fedun}, Viktor},
        title = "{Sausage MHD Waves in Incompressible Flux Tubes with Twisted Magnetic
        Fields}",
      journal = {\solphys},
         year = 2006,
        month = Oct,
       volume = {238},
        pages = {41-59},
          doi = {10.1007/s11207-006-0217-z},
       adsurl = {https://ui.adsabs.harvard.edu/#abs/2006SoPh..238...41E},
      adsnote = {Provided by the SAO/NASA Astrophysics Data System}
}

@ARTICLE{Erdelyi2007,
       author = {{Erd{\'e}lyi}, Robert and {Fedun}, Viktor},
        title = "{Linear MHD Sausage Waves in Compressible Magnetically Twisted Flux Tubes}",
      journal = {\solphys},
     keywords = {Twisted magnetic flux tube, MHD waves, Solar atmosphere, Magneto-
        seismology},
         year = 2007,
        month = Nov,
       volume = {246},
        pages = {101-118},
          doi = {10.1007/s11207-007-9022-6},
       adsurl = {https://ui.adsabs.harvard.edu/#abs/2007SoPh..246..101E},
      adsnote = {Provided by the SAO/NASA Astrophysics Data System}
}

@INBOOK{Erdelyi2008,
   author = {{Erd{\'e}lyi}, R.},
    title = "{Chapter 5: Waves and Oscillations in the Solar Atmosphere}",
booktitle = {Physics of the Sun and its Atmosphere},
     year = 2008,
    month = oct,
   editor = {{Dwivedi}, B.~N. and {Narain}, U.},
    pages = {61-108},
      doi = {10.1142/9789812832726_0005},
   adsurl = {http://adsabs.harvard.edu/abs/2008psa..book...61E},
  adsnote = {Provided by the SAO/NASA Astrophysics Data System}
}

@ARTICLE{Erdelyi2010,
       author = {{Erd{\'e}lyi}, Robert and {Fedun}, Viktor},
        title = "{Magneto-Acoustic Waves in Compressible Magnetically Twisted Flux Tubes}",
      journal = {\solphys},
     keywords = {Twisted magnetic flux tube, MHD waves, Solar atmosphere, Magneto-
        seismology},
         year = 2010,
        month = May,
       volume = {263},
        pages = {63-85},
          doi = {10.1007/s11207-010-9534-3},
       adsurl = {https://ui.adsabs.harvard.edu/#abs/2010SoPh..263...63E},
      adsnote = {Provided by the SAO/NASA Astrophysics Data System}
}

%
% F
%

@ARTICLE{Foullon2011,
   author = {{Foullon}, C. and {Verwichte}, E. and {Nakariakov}, V.~M. and 
	{Nykyri}, K. and {Farrugia}, C.~J.},
    title = "{Magnetic Kelvin-Helmholtz Instability at the Sun}",
  journal = {The Astrophysical Journal Letters},
 keywords = {instabilities, plasmas, solar-terrestrial relations, Sun: corona, Sun: coronal mass ejections: CMEs, Sun: oscillations},
     year = 2011,
    month = mar,
   volume = 729,
      eid = {L8},
    pages = {L8},
      doi = {10.1088/2041-8205/729/1/L8},
}

@ARTICLE{Foullon2013,
   author = {{Foullon}, C. and {Verwichte}, E. and {Nykyri}, K. and {Aschwanden}, M.~J. and 
	{Hannah}, I.~G.},
    title = "{Kelvin-Helmholtz Instability of the CME Reconnection Outflow Layer in the Low Corona}",
 journal = {The Astrophysical Journal},
 keywords = {instabilities, plasmas, solar-terrestrial relations, Sun: corona, Sun: coronal mass ejections: CMEs, Sun: oscillations},
     year = 2013,
    month = apr,
   volume = 767,
      eid = {170},
    pages = {170},
      doi = {10.1088/0004-637X/767/2/170}
}

%
% G
%

@ARTICLE{Goddard2016,
   author = {{Goddard}, C.~R. and {Nakariakov}, V.~M.},
    title = "{Dependence of kink oscillation damping on the amplitude}",
  journal = {\aap},
 keywords = {Sun: oscillations, Sun: corona, methods: observational},
     year = 2016,
    month = may,
   volume = 590,
      eid = {L5},
    pages = {L5},
      doi = {10.1051/0004-6361/201628718},
   adsurl = {http://adsabs.harvard.edu/abs/2016A%26A...590L...5G},
  adsnote = {Provided by the SAO/NASA Astrophysics Data System}
}

@ARTICLE{Goedbloed1974,
   author = {{Goedbloed}, J.~P. and {Sakanaka}, P.~H.},
    title = "{New approach to magnetohydrodynamic stability: I. A practical stability concept}",
  journal = {Physics of Fluids},
     year = 1974,
    month = may,
   volume = 17,
    pages = {908-918},
      doi = {10.1063/1.1694831},
   adsurl = {http://adsabs.harvard.edu/abs/1974PhFl...17..908G},
  adsnote = {Provided by the SAO/NASA Astrophysics Data System}
}
@BOOK{Goedbloed2004,
   author = {{Goedbloed}, J.~P.~H. and {Poedts}, S.},
    title = "{Principles of Magnetohydrodynamics}",
booktitle = {''Principles of Magnetohydrodynamics, by J.P.H.~Goedbloed and S.~Poedts.~ISBN 0521626072.~<A href=''http://www.cambridge.org/us/catalogue/catalogue.asp?isbn=0521626072.~Cambridge''>http://www.cambridge.org/us/catalogue/catalogue.asp?isbn=0521626072.~Cambridge</A>, UK: Cambridge University Press, 2004.''},
     year = 2004,
    month = aug,
}

@ARTICLE{Goedbloed2009a,
   author = {{Goedbloed}, J.~P.},
    title = "{New construction of the magnetohydrodynamic spectrum of stationary plasma flows. I. Solution path and alternator}",
  journal = {Physics of Plasmas},
 keywords = {Doppler measurement, eigenvalues and eigenfunctions, finite element analysis, plasma instability, plasma magnetohydrodynamics, Magnetohydrodynamics, Plasma dynamics and flow, Magnetohydrodynamic waves, Magnetohydrodynamics and electrohydrodynamics},
     year = 2009,
    month = dec,
   volume = 16,
   number = 12,
      eid = {122110},
    pages = {122110},
      doi = {10.1063/1.3271164},
   adsurl = {http://adsabs.harvard.edu/abs/2009PhPl...16l2110G},
  adsnote = {Provided by the SAO/NASA Astrophysics Data System}
}

@ARTICLE{Goedbloed2009b,
   author = {{Goedbloed}, J.~P.},
    title = "{New construction of the magnetohydrodynamic spectrum of stationary plasma flows. II. Rayleigh-Taylor and Kelvin-Helmholtz instability}",
  journal = {Physics of Plasmas},
 keywords = {boundary-value problems, eigenvalues and eigenfunctions, plasma magnetohydrodynamics, Rayleigh-Taylor instability, Magnetohydrodynamics, Plasma dynamics and flow, Magnetohydrodynamic waves, Magnetohydrodynamics and electrohydrodynamics},
     year = 2009,
    month = dec,
   volume = 16,
   number = 12,
      eid = {122111},
    pages = {122111},
      doi = {10.1063/1.3271166},
   adsurl = {http://adsabs.harvard.edu/abs/2009PhPl...16l2111G},
  adsnote = {Provided by the SAO/NASA Astrophysics Data System}
}

@ARTICLE{Goedbloed2018a,
       author = {{Goedbloed}, J.~P.},
        title = "{The Spectral Web of stationary plasma equilibria. I. General theory}",
      journal = {Physics of Plasmas},
         year = 2018,
        month = Mar,
       volume = {25},
          eid = {032109},
        pages = {032109},
          doi = {10.1063/1.5019831},
       adsurl = {https://ui.adsabs.harvard.edu/#abs/2018PhPl...25c2109G},
      adsnote = {Provided by the SAO/NASA Astrophysics Data System}
}

@ARTICLE{Goedbloed2018b,
       author = {{Goedbloed}, J.~P.},
        title = "{The Spectral Web of stationary plasma equilibria. II. Internal modes}",
      journal = {Physics of Plasmas},
         year = 2018,
        month = Mar,
       volume = {25},
          eid = {032110},
        pages = {032110},
          doi = {10.1063/1.5019838},
       adsurl = {https://ui.adsabs.harvard.edu/#abs/2018PhPl...25c2110G},
      adsnote = {Provided by the SAO/NASA Astrophysics Data System}
}

@ARTICLE{Goossens1992,
   author = {{Goossens}, M. and {Hollweg}, J.~V. and {Sakurai}, T.},
    title = "{Resonant behaviour of MHD waves on magnetic flux tubes. III - Effect of equilibrium flow}",
  journal = {\solphys},
 keywords = {Cylindrical Plasmas, Magnetic Fields, Magnetic Flux, Magnetic Resonance, Magnetohydrodynamic Waves, Solar Physics, Conservation Laws, Kelvin-Helmholtz Instability, Perturbation Theory, Velocity Distribution},
     year = 1992,
    month = apr,
   volume = 138,
    pages = {233-255},
      doi = {10.1007/BF00151914},
   adsurl = {http://adsabs.harvard.edu/abs/1992SoPh..138..233G},
  adsnote = {Provided by the SAO/NASA Astrophysics Data System}
}

@ARTICLE{Goossens2002,
   author = {{Goossens}, M. and {Andries}, J. and {Aschwanden}, M.~J.},
    title = "{Coronal loop oscillations. An interpretation in terms of resonant absorption of quasi-mode kink oscillations}",
  journal = {\aap},
 keywords = {Sun: corona, magnetic fields, oscillations},
     year = 2002,
    month = nov,
   volume = 394,
    pages = {L39-L42},
      doi = {10.1051/0004-6361:20021378},
}

@BOOK{Goossens2003,
author = {{Goossens}, M.},
        title = "{An introduction to plasma astrophysics and magnetohydrodynamics}",
     keywords = {PLASMA PHYSICS, ASTROPHYSICS},
    booktitle = {An introduction to plasma astrophysics and magnetohydrodynamics, by M.
        Goossens. Astrophysics and Space Science Library, Vol. 294.
        Dordrecht: Kluwer Academic Publishers, 2003},
         year = 2003,
       volume = {294},
        month = Oct,
          doi = {10.1007/978-94-007-1076-4},
       adsurl = {https://ui.adsabs.harvard.edu/#abs/2003ASSL..294.....G},
      adsnote = {Provided by the SAO/NASA Astrophysics Data System}
}

@book{Gradstein2007,
author = {Gradstein, I. S. and Ryzhik, I. M.},
title = {{Table of Integrals, Series, and Products}},
year = {2007},
publisher = {Elsevier}
}

@ARTICLE{Goossens2011,
       author = {{Goossens}, Marcel and {Erd{\'e}lyi}, Robert and {Ruderman}, Michael S.},
        title = "{Resonant MHD Waves in the Solar Atmosphere}",
      journal = {\ssr},
     keywords = {Plasma, Waves, MHD, Sun},
         year = 2011,
        month = Jul,
       volume = {158},
        pages = {289-338},
          doi = {10.1007/s11214-010-9702-7},
       adsurl = {https://ui.adsabs.harvard.edu/#abs/2011SSRv..158..289G},
      adsnote = {Provided by the SAO/NASA Astrophysics Data System}
}

@ARTICLE{Greenspan1963,
   author = {{Greenspan}, H.~P. and {Benney}, D.~J.},
    title = "{On shear-layer instability, breakdown and transition}",
  journal = {Journal of Fluid Mechanics},
     year = 1963,
   volume = 15,
    pages = {133-153},
      doi = {10.1017/S0022112063000112},
   adsurl = {http://adsabs.harvard.edu/abs/1963JFM....15..133G},
  adsnote = {Provided by the SAO/NASA Astrophysics Data System}
}

%
% H
%

@ARTICLE{Haberreiter2008,
       author = {{Haberreiter}, M. and {Schmutz}, W. and {Kosovichev}, A.~G.},
        title = "{Solving the Discrepancy between the Seismic and Photospheric Solar
        Radius}",
      journal = {\apj},
     keywords = {astrometry, radiative transfer, Sun: fundamental parameters, Sun:
        photosphere},
         year = 2008,
        month = Mar,
       volume = {675},
          doi = {10.1086/529492},
       adsurl = {https://ui.adsabs.harvard.edu/#abs/2008ApJ...675L..53H},
      adsnote = {Provided by the SAO/NASA Astrophysics Data System}
}

@article{Hasegawa2004,
  title = "{Transport of solar wind into Earth's magnetosphere through rolled-up Kelvin-Helmholtz vortices}",
  author={Hasegawa, H and Fujimoto, M and Phan, T-D and Reme, H and Balogh, A and Dunlop, MW and Hashimoto, C and TanDokoro, R},
  journal={Nature},
  volume={430},
  number={7001},
  pages={755},
  year={2004},
  publisher={Nature Publishing Group}
}

@book{Helmholtz1868,
  title={{\"U}ber discontinuirliche Fl{\"u}ssigkeits-Bewegungen},
  author={von Helmholtz, Hermann},
  year={1868},
  publisher={Monatsberichte der K{\"o}niglichen Preussische Akademie der Wissenschaften zu Berlin}
}

@BOOK{Hetherington1996,
       author = {{Hetherington}, Barry},
        title = "{A chronicle of pre-telescopic astronomy}",
    booktitle = {Chichester ; New York : John Wiley & Sons, 1996.},
         year = 1996,
       adsurl = {https://ui.adsabs.harvard.edu/#abs/1996cpa..book.....H},
      adsnote = {Provided by the SAO/NASA Astrophysics Data System}
}

@ARTICLE{Heyvaerts1983,
       author = {{Heyvaerts}, J. and {Priest}, E.~R.},
        title = "{Coronal heating by phase-mixed shear Alfven waves.}",
      journal = {\aap},
     keywords = {Magnetohydrodynamic Stability, Magnetohydrodynamic Waves, Multiphase
        Flow, Ohmic Dissipation, Solar Corona, Solar Heating, Kelvin-
        Helmholtz Instability, Propagation Velocity, S Waves, Standing
        Waves, Velocity Distribution, Wave Propagation, Solar Physics},
         year = 1983,
        month = Jan,
       volume = {117},
        pages = {220-234},
       adsurl = {https://ui.adsabs.harvard.edu/#abs/1983A&A...117..220H},
      adsnote = {Provided by the SAO/NASA Astrophysics Data System}
}

@ARTICLE{Hindman2014,
   author = {{Hindman}, B.~W. and {Jain}, R.},
    title = "{An Interpretation of Flare-induced and Decayless Coronal-loop Oscillations as Interference Patterns}",
  journal = {\apj},
archivePrefix = "arXiv",
   eprint = {1312.1922},
 primaryClass = "astro-ph.SR",
 keywords = {magnetohydrodynamics: MHD, Sun: corona, Sun: magnetic fields, Sun: oscillations, waves},
     year = 2014,
    month = apr,
   volume = 784,
      eid = {103},
    pages = {103},
      doi = {10.1088/0004-637X/784/2/103},
   adsurl = {http://adsabs.harvard.edu/abs/2014ApJ...784..103H},
  adsnote = {Provided by the SAO/NASA Astrophysics Data System}
}

@ARTICLE{Hollweg1988,
       author = {{Hollweg}, Joseph V. and {Yang}, G.},
        title = "{Resonance absorption of compressible magnetohydrodynamic waves at thin
        ``surfaces''}",
      journal = {Journal of Geophysical Research},
     keywords = {Magnetohydrodynamic Waves, Plasma Resonance, Surface Waves, Wave
        Propagation, Pressure Effects, Transition Layers, Plasma
        Physics, Space Plasma Physics: Kinetic and MHD theory, Space
        Plasma Physics: Waves and instabilities, Solar Physics,
        Astrophysics, and Astronomy: Corona, Magnetospheric Physics: MHD
        waves and instabilities},
         year = 1988,
        month = Jun,
       volume = {93},
        pages = {5423-5436},
          doi = {10.1029/JA093iA06p05423},
       adsurl = {https://ui.adsabs.harvard.edu/#abs/1988JGR....93.5423H},
      adsnote = {Provided by the SAO/NASA Astrophysics Data System}
}

@ARTICLE{Hood1979,
   author = {{Hood}, A.~W. and {Priest}, E.~R.},
    title = "{Kink instability of solar coronal loops as the cause of solar flares}",
  journal = {\solphys},
 keywords = {Atmospheric Models, Magnetohydrodynamic Stability, Photosphere, Solar Corona, Solar Flares, Far Ultraviolet Radiation, Magnetic Field Configurations, Magnetic Flux, Pressure Gradients, Solar Magnetic Field, Solar X-Rays},
     year = 1979,
    month = dec,
   volume = 64,
    pages = {303-321},
      doi = {10.1007/BF00151441},
   adsurl = {http://adsabs.harvard.edu/abs/1979SoPh...64..303H},
  adsnote = {Provided by the SAO/NASA Astrophysics Data System}
}

@ARTICLE{Howson2017a,
   author = {{Howson}, T.~A. and {De Moortel}, I. and {Antolin}, P.},
    title = "{The effects of resistivity and viscosity on the Kelvin- Helmholtz instability in oscillating coronal loops}",
  journal = {\aap},
archivePrefix = "arXiv",
   eprint = {1703.02423},
 primaryClass = "astro-ph.SR",
 keywords = {Sun: corona, Sun: magnetic fields, Sun: oscillations, magnetohydrodynamics (MHD)},
     year = 2017,
    month = jun,
   volume = 602,
      eid = {A74},
    pages = {A74},
      doi = {10.1051/0004-6361/201630259},
   adsurl = {http://adsabs.harvard.edu/abs/2017A%26A...602A..74H},
  adsnote = {Provided by the SAO/NASA Astrophysics Data System}
}

@ARTICLE{Howson2017b,
   author = {{Howson}, T.~A. and {De Moortel}, I. and {Antolin}, P.},
    title = "{Energetics of the Kelvin-Helmholtz instability induced by transverse waves in twisted coronal loops}",
  journal = {\aap},
archivePrefix = "arXiv",
   eprint = {1708.04124},
 primaryClass = "astro-ph.SR",
 keywords = {Sun: corona, Sun: magnetic fields, Sun: oscillations, magnetohydrodynamics (MHD)},
     year = 2017,
    month = nov,
   volume = 607,
      eid = {A77},
    pages = {A77},
      doi = {10.1051/0004-6361/201731178},
   adsurl = {http://adsabs.harvard.edu/abs/2017A%26A...607A..77H},
  adsnote = {Provided by the SAO/NASA Astrophysics Data System}
}

%
% I
%

%
% J
%

@article{Joarder1997,
   author = {{Joarder}, P.~S. and {Nakariakov}, V.~M. and {Roberts}, B.},
    title = "{A Manifestation of Negative Energy Waves in the Solar Atmosphere}",
  journal = {Solar Physics},
     year = 1997,
    month = dec,
   volume = 176,
    pages = {285-297},
      doi = {10.1023/A:1004977928351},
}

%
% K
%

@ARTICLE{Karampelas2017,
   author = {{Karampelas}, K. and {Van Doorsselaere}, T. and {Antolin}, P.
	},
    title = "{Heating by transverse waves in simulated coronal loops}",
  journal = {\aap},
archivePrefix = "arXiv",
   eprint = {1706.02640},
 primaryClass = "astro-ph.SR",
 keywords = {magnetohydrodynamics (MHD), Sun: corona, Sun: oscillations},
     year = 2017,
    month = aug,
   volume = 604,
      eid = {A130},
    pages = {A130},
      doi = {10.1051/0004-6361/201730598},
   adsurl = {http://adsabs.harvard.edu/abs/2017A%26A...604A.130K},
  adsnote = {Provided by the SAO/NASA Astrophysics Data System}
}

@ARTICLE{Karampelas2018,
       author = {{Karampelas}, K. and {Van Doorsselaere}, T.},
        title = "{Simulations of fully deformed oscillating flux tubes}",
      journal = {\aap},
     keywords = {magnetohydrodynamics (MHD), Sun: corona, Sun: oscillations, Astrophysics
        - Solar and Stellar Astrophysics},
         year = 2018,
        month = Feb,
       volume = {610},
          eid = {L9},
        pages = {L9},
          doi = {10.1051/0004-6361/201731646},
       adsurl = {https://ui.adsabs.harvard.edu/#abs/2018A&A...610L...9K},
      adsnote = {Provided by the SAO/NASA Astrophysics Data System}
}

@ARTICLE{Katsukawa2007,
   author = {{Katsukawa}, Y. and {Berger}, T.~E. and {Ichimoto}, K. and {Lites}, B.~W. and 
	{Nagata}, S. and {Shimizu}, T. and {Shine}, R.~A. and {Suematsu}, Y. and 
	{Tarbell}, T.~D. and {Title}, A.~M. and {Tsuneta}, S.},
    title = "{Small-Scale Jetlike Features in Penumbral Chromospheres}",
    abstract = {We observed fine-scale jetlike features, referred to as penumbral microjets, in chromospheres of sunspot penumbrae. The microjets were identified in image sequences of a sunspot taken through a Ca II H-line filter on the Solar Optical Telescope on board the Japanese solar physics satellite Hinode. The microjets‚Äô small width of 400 kilometers and short duration of less than 1 minute make them difficult to identify in existing observations. The microjets are possibly caused by magnetic reconnection in the complex magnetic configuration in penumbrae and have the potential to heat the corona above a sunspot.},
  journal = {Science},
     year = {2007},
    month = dec,
   volume = 318,
    pages = {1594},
      doi = {10.1126/science.1146046},
}

@ARTICLE{Kelly1965,
   author = {{Kelly}, R.~E.},
    title = "{The stability of unsteady Kelvin-Helmholtz flow}",
  journal = {Journal of Fluid Mechanics},
     year = 1965,
   volume = 22,
    pages = {547-560},
      doi = {10.1017/S0022112065000964},
   adsurl = {http://adsabs.harvard.edu/abs/1965JFM....22..547K},
  adsnote = {Provided by the SAO/NASA Astrophysics Data System}
}

@article{Kelvin1871,
author = {William Thomson},
title = {Hydrokinetic solutions and observations},
journal = {The London, Edinburgh, and Dublin Philosophical Magazine and Journal of Science},
volume = {42},
number = {281},
pages = {362-377},
year  = {1871},
publisher = {Taylor & Francis},
doi = {10.1080/14786447108640585},
}

@ARTICLE{Klimchuk2000,
       author = {{Klimchuk}, J.~A. and {Antiochos}, S.~K. and {Norton}, D.},
        title = "{Twisted Coronal Magnetic Loops}",
      journal = {\apj},
     keywords = {Magnetic Fields, Magnetohydrodynamics: MHD, Methods: Numerical, Sun:
        Corona, Sun: Magnetic Fields},
         year = 2000,
        month = Oct,
       volume = {542},
        pages = {504-512},
          doi = {10.1086/309527},
       adsurl = {https://ui.adsabs.harvard.edu/#abs/2000ApJ...542..504K},
      adsnote = {Provided by the SAO/NASA Astrophysics Data System}
}

@ARTICLE{Kruskal1958,
   author = {{Kruskal}, M.~D. and {Johnson}, J.~L. and {Gottlieb}, M.~B. and 
	{Goldman}, L.~M.},
    title = "{Hydromagnetic Instability in a Stellarator}",
  journal = {Physics of Fluids},
     year = 1958,
    month = sep,
   volume = 1,
    pages = {421-429},
      doi = {10.1063/1.1724359},
   adsurl = {http://adsabs.harvard.edu/abs/1958PhFl....1..421K},
  adsnote = {Provided by the SAO/NASA Astrophysics Data System}
}

@article{Kuridze2016,
   author = {{Kuridze}, D. and {Zaqarashvili}, T.~V. and {Henriques}, V. and 
	{Mathioudakis}, M. and {Keenan}, F.~P. and {Hanslmeier}, A.},
    title = "{Kelvin-Helmholtz Instability in Solar Chromospheric Jets: Theory and Observation}",
  journal = {The Astrophysical Journal},
 keywords = {magnetohydrodynamics: MHD, methods: analytical, Sun: atmosphere, Sun: chromosphere, Sun: transition region, techniques: imaging spectroscopy},
     year = 2016,
    month = oct,
   volume = 830,
      eid = {133},
    pages = {133},
      doi = {10.3847/0004-637X/830/2/133},
}

%
%  L
%

@ARTICLE{Lodders2003,
       author = {{Lodders}, Katharina},
        title = "{Solar System Abundances and Condensation Temperatures of the Elements}",
      journal = {\apj},
     keywords = {Astrochemistry, Meteors, Meteoroids, Solar System: Formation- Sun:
        Abundances, Sun: Photosphere},
         year = 2003,
        month = Jul,
       volume = {591},
        pages = {1220-1247},
          doi = {10.1086/375492},
       adsurl = {https://ui.adsabs.harvard.edu/#abs/2003ApJ...591.1220L},
      adsnote = {Provided by the SAO/NASA Astrophysics Data System}
}

%
% M
%

@ARTICLE{Magyar2016a,
   author = {{Magyar}, N. and {Van Doorsselaere}, T.},
    title = "{Damping of nonlinear standing kink oscillations: a numerical study}",
  journal = {\aap},
archivePrefix = "arXiv",
   eprint = {1609.06883},
 primaryClass = "astro-ph.SR",
 keywords = {Sun: corona, Sun: oscillations, magnetohydrodynamics (MHD)},
     year = 2016,
    month = nov,
   volume = 595,
      eid = {A81},
    pages = {A81},
      doi = {10.1051/0004-6361/201629010},
   adsurl = {http://adsabs.harvard.edu/abs/2016A%26A...595A..81M},
  adsnote = {Provided by the SAO/NASA Astrophysics Data System}
}

@ARTICLE{Magyar2016b,
   author = {{Magyar}, N. and {Van Doorsselaere}, T.},
    title = "{The Instability and Non-existence of Multi-stranded Loops When Driven by Transverse Waves}",
  journal = {\apj},
archivePrefix = "arXiv",
   eprint = {1604.04078},
 primaryClass = "astro-ph.SR",
 keywords = {magnetohydrodynamics: MHD, Sun: corona, waves},
     year = 2016,
    month = jun,
   volume = 823,
      eid = {82},
    pages = {82},
      doi = {10.3847/0004-637X/823/2/82},
   adsurl = {http://adsabs.harvard.edu/abs/2016ApJ...823...82M},
  adsnote = {Provided by the SAO/NASA Astrophysics Data System}
}

@ARTICLE{Malanushenko2009,
       author = {{Malanushenko}, A. and {Longcope}, D.~W. and {McKenzie}, D.~E.},
        title = "{Reconstructing the Local Twist of Coronal Magnetic Fields and the Three-
        Dimensional Shape of the Field Lines from Coronal Loops in
        Extreme-Ultraviolet and X-Ray Images}",
      journal = {\apj},
     keywords = {magnetic fields, Sun: corona, Sun: general, Sun: magnetic fields, Sun:
        X-rays, gamma rays, Astrophysics - Solar and Stellar
        Astrophysics},
         year = 2009,
        month = Dec,
       volume = {707},
        pages = {1044-1063},
          doi = {10.1088/0004-637X/707/2/1044},
       adsurl = {https://ui.adsabs.harvard.edu/#abs/2009ApJ...707.1044M},
      adsnote = {Provided by the SAO/NASA Astrophysics Data System}
}

@ARTICLE{Malanushenko2011,
       author = {{Malanushenko}, A. and {Yusuf}, M.~H. and {Longcope}, D.~W.},
        title = "{Direct Measurements of Magnetic Twist in the Solar Corona}",
      journal = {\apj},
     keywords = {Sun: activity, Sun: corona, Sun: magnetic topology, Sun: surface
        magnetism, Sun: UV radiation, Astrophysics - Solar and Stellar
        Astrophysics, Physics - Plasma Physics},
         year = 2011,
        month = Aug,
       volume = {736},
          eid = {97},
        pages = {97},
          doi = {10.1088/0004-637X/736/2/97},
       adsurl = {https://ui.adsabs.harvard.edu/#abs/2011ApJ...736...97M},
      adsnote = {Provided by the SAO/NASA Astrophysics Data System}
}

@ARTICLE{Mamajek2015,
       author = {{Mamajek}, E.~E. and {Prsa}, A. and {Torres}, G. and {Harmanec}, P. and
        {Asplund}, M. and {Bennett}, P.~D. and {Capitaine}, N. and
        {Christensen-Dalsgaard}, J. and {Depagne}, E. and {Folkner},
        W.~M. and {Haberreiter}, M. and {Hekker}, S. and {Hilton}, J.~L.
        and {Kostov}, V. and {Kurtz}, D.~W. and {Laskar}, J. and
        {Mason}, B.~D. and {Milone}, E.~F. and {Montgomery}, M.~M. and
        {Richards}, M.~T. and {Schou}, J. and {Stewart}, S.~G.},
        title = "{IAU 2015 Resolution B3 on Recommended Nominal Conversion Constants for
        Selected Solar and Planetary Properties}",
      journal = {ArXiv e-prints},
     keywords = {Astrophysics - Solar and Stellar Astrophysics, Astrophysics - Earth and
        Planetary Astrophysics, Astrophysics - Astrophysics of Galaxies,
        Astrophysics - High Energy Astrophysical Phenomena, Astrophysics
        - Instrumentation and Methods for Astrophysics},
         year = 2015,
        month = Oct,
archivePrefix = {arXiv},
       eprint = {1510.07674},
       adsurl = {https://ui.adsabs.harvard.edu/#abs/2015arXiv151007674M},
      adsnote = {Provided by the SAO/NASA Astrophysics Data System}
}

@article{Masters2010,
  title="{Cassini observations of a Kelvin-Helmholtz vortex in Saturn's outer magnetosphere}",
  author={Masters, A and Achilleos, N and Kivelson, MG and Sergis, N and Dougherty, MK and Thomsen, MF and Arridge, CS and Krimigis, SM and McAndrews, HJ and Kanani, SJ and others},
  journal={Journal of Geophysical Research: Space Physics},
  volume={115},
  number={A7},
  year={2010},
  publisher={Wiley Online Library}
}

@article{Mathioudakis2013,
author = {{Mathioudakis}, M. and {Jess}, D.~B. and {Erd{\'e}lyi}, R.},
title = "{Alfv{\'e}n Waves in the Solar Atmosphere. From Theory to Observations}",
journal = {Space Science Reviews},
archivePrefix = "arXiv",
eprint = {1210.3625},
primaryClass = "astro-ph.SR",
keywords = {Sun: Alfv{\'e}n waves, Sun: chromosphere, Sun: corona, Sun: spicules, Plasma wave heating},
year = 2013,
volume = 175,
pages = {1-27},
}

@article {McLachlan1946,
author = {McLachlan, N. W.},
title = {Mathieu Functions and Their Classification},
journal = {Journal of Mathematics and Physics},
volume = {25},
number = {1-4},
issn = {1467-9590},
doi = {10.1002/sapm1946251209},
pages = {209--240},
year = {1946},
}

@article{Miles1992,
author = {Miles, Alan J. and Roberts, B.},
journal = {Solar Physics},
mendeley-groups = {Roberts Papers},
pages = {235--251},
title = {{Magnetoacoustic-Gravity Surface Waves. II. Uniform Magnetic Field}},
volume = {141},
year = {1992}
}

@ARTICLE{Mitalas1992,
       author = {{Mitalas}, R. and {Sills}, K.~R.},
        title = "{On the Photon Diffusion Time Scale for the Sun}",
      journal = {\apj},
     keywords = {Diffuse Radiation, Radiative Transfer, Solar Interior, Solar Radiation,
        Stellar Structure, Diffusion, Random Walk, Stellar Convection,
        Stellar Models, Solar Physics, DIFFUSION, RADIATIVE TRANSFER,
        SUN: INTERIOR},
         year = 1992,
        month = Dec,
       volume = {401},
        pages = {759},
          doi = {10.1086/172103},
       adsurl = {https://ui.adsabs.harvard.edu/#abs/1992ApJ...401..759M},
      adsnote = {Provided by the SAO/NASA Astrophysics Data System}
}

@ARTICLE{Montmerle2006,
       author = {{Montmerle}, Thierry and {Augereau}, Jean-Charles and {Chaussidon}, Marc
        and {Gounelle}, Mathieu and {Marty}, Bernard and {Morbidelli},
        Alessandro},
        title = "{From Suns to Life: A Chronological Approach to the History of Life on
        Earth 3. Solar System Formation and Early Evolution: the First
        100 Million Years}",
      journal = {Earth Moon and Planets},
     keywords = {Star formation: stellar clusters, circumstellar disks, circumstellar
        dust, jets and outflows, solar nebula: high-energy irradiation,
        meteorites, short-lived radionuclides, extinct radioactivities,
        supernovae, planet formation: planetary embryos, runaway growth,
        giant planets, migration, asteroid belt, formation of the Moon,
        early Earth: atmosphere, core differentiation, magnetic field},
         year = 2006,
        month = Jun,
       volume = {98},
        pages = {39-95},
          doi = {10.1007/s11038-006-9087-5},
       adsurl = {https://ui.adsabs.harvard.edu/#abs/2006EM&P...98...39M},
      adsnote = {Provided by the SAO/NASA Astrophysics Data System}
}

@ARTICLE{Mostl2013,
   author = {{M{\"o}stl}, U.~V. and {Temmer}, M. and {Veronig}, A.~M.},
    title = "{The Kelvin-Helmholtz Instability at Coronal Mass Ejection Boundaries in the Solar Corona: Observations and 2.5D MHD Simulations}",
  journal = {The Astrophysical Journal Letters},
 keywords = {instabilities, magnetohydrodynamics: MHD, methods: numerical, Sun: corona, Sun: coronal mass ejections: CMEs},
     year = 2013,
    month = mar,
   volume = 766,
      eid = {L12},
    pages = {L12},
      doi = {10.1088/2041-8205/766/1/L12},
}

@ARTICLE{Murawski2016,
   author = {{Murawski}, K. and {Chmielewski}, P. and {Zaqarashvili}, T.~V. and 
	{Khomenko}, E.},
    title = "{Numerical simulations of magnetic Kelvin-Helmholtz instability at a twisted solar flux tube}",
  journal = {\mnras},
 keywords = {Sun: atmosphere},
     year = 2016,
    month = jul,
   volume = 459,
    pages = {2566-2572},
      doi = {10.1093/mnras/stw703},
   adsurl = {http://adsabs.harvard.edu/abs/2016MNRAS.459.2566M},
  adsnote = {Provided by the SAO/NASA Astrophysics Data System}
}

@BOOK{Murdin2001,
       author = {{Murdin}, Paul},
        title = "{Encyclopedia of astronomy and astrophysics}",
    booktitle = {"Encyclopedia of astronomy and astrophysics, Bristol: IOP Publishing and
        London: Nature Publishing, 2001. 3670 p. In 4 volumes, <A
        href="http://www.ency-astro.com">http://www.ency-
        astro.com</A>sISBN 0333750888"},
         year = 2001,
       adsurl = {https://ui.adsabs.harvard.edu/#abs/2001eaa..book.....M},
      adsnote = {Provided by the SAO/NASA Astrophysics Data System}
}

%
% N
%

@article{Nakariakov1995,
   author = {Nakariakov, V. M. and Roberts, B.},
    title = {{Magnetosonic Waves in Structured Atmospheres with Steady Flows, I}},
  journal = {Solar Physics},
     year = {1995},
   volume = {159},
    pages = {213-228}
}

@ARTICLE{Nakariakov1999,
   author = {{Nakariakov}, V.~M. and {Ofman}, L. and {Deluca}, E.~E. and 
	{Roberts}, B. and {Davila}, J.~M.},
    title = "{TRACE observation of damped coronal loop oscillations: Implications for coronal heating}",
  journal = {Science},
     year = 1999,
    month = aug,
   volume = 285,
    pages = {862-864},
      doi = {10.1126/science.285.5429.862},
   adsurl = {http://adsabs.harvard.edu/abs/1999Sci...285..862N},
  adsnote = {Provided by the SAO/NASA Astrophysics Data System}
}

@ARTICLE{Nakariakov2003,
       author = {{Nakariakov}, V.~M. and {Melnikov}, V.~F. and {Reznikova}, V.~E.},
        title = "{Global sausage modes of coronal loops}",
      journal = {\aap},
     keywords = {magnetohydrodynamics (MHD), waves, Sun: activity, Sun: corona, Sun:
        oscillations, Sun: radio pulsations},
         year = 2003,
        month = Dec,
       volume = {412},
        pages = {L7-L10},
          doi = {10.1051/0004-6361:20031660},
       adsurl = {https://ui.adsabs.harvard.edu/#abs/2003A&A...412L...7N},
      adsnote = {Provided by the SAO/NASA Astrophysics Data System}
}

@article{Nakariakov2005,
   author = {{Nakariakov}, V.~M. and {Verwichte}, E.},
    title = "{Coronal Waves and Oscillations}",
  journal = {Living Reviews in Solar Physics},
     year = 2005,
    month = jul,
   volume = 2,
}

@ARTICLE{Nakariakov2016,
       author = {{Nakariakov}, V.~M. and {Pilipenko}, V. and {Heilig}, B. and
        {Jel{\'\i}nek}, P. and {Karlick{\'y}}, M. and {Klimushkin},
        D.~Y. and {Kolotkov}, D.~Y. and {Lee}, D. -H. and {Nistic{\`o}},
        G. and {Van Doorsselaere}, T. and {Verth}, G. and {Zimovets},
        I.~V.},
        title = "{Magnetohydrodynamic Oscillations in the Solar Corona and Earth's
        Magnetosphere: Towards Consolidated Understanding}",
      journal = {\ssr},
     keywords = {Magnetohydrodynamic waves (e.g., Alfv{\'e}n waves), MHD waves, plasma
        waves, and instabilities, Magnetic pulsations, Corona, Solar
        activity, Flares},
         year = 2016,
        month = Apr,
       volume = {200},
        pages = {75-203},
          doi = {10.1007/s11214-015-0233-0},
       adsurl = {https://ui.adsabs.harvard.edu/#abs/2016SSRv..200...75N},
      adsnote = {Provided by the SAO/NASA Astrophysics Data System}
}

@ARTICLE{Nistico2013,
       author = {{Nistic{\`o}}, G. and {Nakariakov}, V.~M. and {Verwichte}, E.},
        title = "{Decaying and decayless transverse oscillations of a coronal loop}",
      journal = {\aap},
     keywords = {Sun: corona, Sun: oscillations, methods: observational},
         year = 2013,
        month = Apr,
       volume = {552},
          eid = {A57},
        pages = {A57},
          doi = {10.1051/0004-6361/201220676},
       adsurl = {https://ui.adsabs.harvard.edu/#abs/2013A&A...552A..57N},
      adsnote = {Provided by the SAO/NASA Astrophysics Data System}
}

%
% O
%

@ARTICLE{Ofman1994,
   author = {{Ofman}, L. and {Davila}, J.~M. and {Steinolfson}, R.~S.},
    title = "{Nonlinear studies of coronal heating by the resonant absorption of Alfv{\'e}n waves}",
  journal = {\grl},
 keywords = {Solar Physics, Astrophysics, and Astronomy: Corona and transition region, Space Plasma Physics: Waves and instabilities, Space Plasma Physics: Nonlinear phenomena, Space Plasma Physics: Numerical simulation studies},
     year = 1994,
   volume = 21,
    pages = {2259-2262},
      doi = {10.1029/94GL01416},
   adsurl = {http://adsabs.harvard.edu/abs/1994GeoRL..21.2259O},
  adsnote = {Provided by the SAO/NASA Astrophysics Data System}
}

@ARTICLE{Ofman2008,
   author = {{Ofman}, L. and {Wang}, T.~J.},
    title = "{Hinode observations of transverse waves with flows in coronal loops}",
  journal = {Astronomy and Astrophysics},
 keywords = {Sun: flares, Sun: corona, Sun: magnetic fields, Sun: oscillations, waves},
     year = 2008,
    month = may,
   volume = 482,
    pages = {L9-L12},
      doi = {10.1051/0004-6361:20079340},
}

@ARTICLE{Ofman2011,
   author = {{Ofman}, L. and {Thompson}, B.~J.},
    title = "{SDO/AIA Observation of Kelvin-Helmholtz Instability in the Solar Corona}",
  journal = {The Astrophysical Journal Letters},
 keywords = {Sun: activity, Sun: corona, Sun: coronal mass ejections: CMEs, Sun: UV radiation},
     year = 2011,
    month = jun,
   volume = 734,
      eid = {L11},
    pages = {L11},
      doi = {10.1088/2041-8205/734/1/L11},
}

@article{Okamoto2007,
   author = {{Okamoto}, T.~J. and {Tsuneta}, S. and {Berger}, T.~E. and {Ichimoto}, K. and 
	{Katsukawa}, Y. and {Lites}, B.~W. and {Nagata}, S. and {Shibata}, K. and 
	{Shimizu}, T. and {Shine}, R.~A. and {Suematsu}, Y. and {Tarbell}, T.~D. and 
	{Title}, A.~M.},
    title = "{Coronal Transverse Magnetohydrodynamic Waves in a Solar Prominence}",
  journal = {Science},
     year = 2007,
    month = dec,
   volume = 318,
    pages = {1577},
      doi = {10.1126/science.1145447},
}

%
% P
%

@ARTICLE{Parker1958,
       author = {{Parker}, E.~N.},
        title = "{Dynamics of the Interplanetary Gas and Magnetic Fields.}",
      journal = {\apj},
         year = 1958,
        month = Nov,
       volume = {128},
        pages = {664},
          doi = {10.1086/146579},
       adsurl = {https://ui.adsabs.harvard.edu/#abs/1958ApJ...128..664P},
      adsnote = {Provided by the SAO/NASA Astrophysics Data System}
}

@article{Petviashvili1976,
author = {{Petviashvili}, V.~I.},
title = "{Equation of an Extraordinary Soliton}",
journal = {Soviet Journal of Plasma Physics},
year = 1976,
volume = 2,
pages = {257},
}

@ARTICLE{Poedts1997,
   author = {{Poedts}, S. and {Toth}, G. and {Belien}, A.~J.~C. and {Goedbloed}, J.~P.
	},
    title = "{Nonlinear MHD Simulations of Wave Dissipation in Flux Tubes}",
  journal = {\solphys},
     year = 1997,
    month = may,
   volume = 172,
    pages = {45-52},
      doi = {10.1023/A:1004924017304},
   adsurl = {http://adsabs.harvard.edu/abs/1997SoPh..172...45P},
  adsnote = {Provided by the SAO/NASA Astrophysics Data System}
}

@BOOK{Priest2014,
   author = {{Priest}, E.},
    title = "{Magnetohydrodynamics of the Sun}",
booktitle = {Magnetohydrodynamics of the Sun, by Eric Priest, Cambridge, UK: Cambridge University Press, 2014},
     year = 2014,
    month = may,
}

%
% Q
%

%
% R
%

@ARTICLE{Roberts1973,
   author = {{Roberts}, B.},
    title = "{On the hydromagnetic stability of an unsteady Kelvin-Helmholtz flow}",
  journal = {Journal of Fluid Mechanics},
     year = 1973,
   volume = 59,
    pages = {65-76},
      doi = {10.1017/S0022112073001424},
   adsurl = {http://adsabs.harvard.edu/abs/1973JFM....59...65R},
  adsnote = {Provided by the SAO/NASA Astrophysics Data System}
}

@ARTICLE{Roberts1978,
       author = {{Roberts}, B. and {Webb}, A.~R.},
        title = "{Vertical motions in an intense magnetic flux tube.}",
      journal = {\solphys},
     keywords = {Magnetic Flux, Photosphere, Solar Atmosphere, Solar Magnetic Field,
        Vertical Motion, Compressibility, Pressure Effects,
        Weightlessness, Solar Physics, Magnetic Fields:Solar Photosphere},
         year = 1978,
        month = Jan,
       volume = {56},
        pages = {5-35},
          doi = {10.1007/BF00152630},
       adsurl = {https://ui.adsabs.harvard.edu/#abs/1978SoPh...56....5R},
      adsnote = {Provided by the SAO/NASA Astrophysics Data System}
}

@ARTICLE{Roberts1979,
       author = {{Roberts}, B. and {Webb}, A.~R.},
        title = "{Vertical Motions in an Intense Magnetic Flux Tube - Part Three - on the
        Slender Flux Tube Approximation}",
      journal = {\solphys},
     keywords = {Magnetic Flux, Photosphere, Solar Magnetic Field, Approximation,
        Magnetic Dispersion, Magnetic Disturbances, Magnetic Effects,
        Solar Physics},
         year = 1979,
        month = Nov,
       volume = {64},
        pages = {77-92},
          doi = {10.1007/BF00151117},
       adsurl = {https://ui.adsabs.harvard.edu/#abs/1979SoPh...64...77R},
      adsnote = {Provided by the SAO/NASA Astrophysics Data System}
}

@article{Roberts1981,
author = {{Roberts}, B.},
title = "{Wave propagation in a magnetically structured atmosphere. I: Surface waves at a magnetic interface.}",
journal = {Solar Physics},
keywords = {Magnetoacoustic Waves, Magnetohydrodynamic Waves, Solar Atmosphere, Solar Magnetic Field, Surface Waves, Wave Propagation, Fourier Analysis, Inhomogeneity, Photosphere, Pressure Effects, Propagation Velocity, Solar Corona, Thermodynamic Equilibrium},
year = 1981,
volume = 69,
pages = {27-38},
}

@article{Roberts1981b,
   author = {{Roberts}, B.},
    title = "{Wave Propagation in a Magnetically Structured Atmosphere. II: Waves in a Magnetic Slab}",
  journal = {Solar Physics},
     year = 1981,
    month = jan,
   volume = 69,
    pages = {39-56},
      doi = {10.1007/BF00151254},
}

@ARTICLE{Roberts1985,
   author = {{Roberts}, B.},
    title = "{Solitary waves in a magnetic flux tube}",
  journal = {Physics of Fluids},
 keywords = {Magnetic Flux, Solar Physics, Solitary Waves, Wave Propagation, Evolution (Development), Plasma Cylinders, Plasma Slabs, Solar Atmosphere},
     year = 1985,
    month = nov,
   volume = 28,
    pages = {3280-3286},
      doi = {10.1063/1.865418},
   adsurl = {http://adsabs.harvard.edu/abs/1985PhFl...28.3280R},
  adsnote = {Provided by the SAO/NASA Astrophysics Data System}
}

@article{Roberts1982,
author = {{Roberts}, B. and {Mangeney}, A.},
title = "{Solitons in solar magnetic flux tubes}",
journal = {Monthly Notices of the Royal Astronomical Society},
keywords = {Magnetic Flux, Photosphere, Solar Magnetic Field, Solitary Waves, Spicules, Wave Propagation, Chromosphere, Energy Distribution, Solar Atmosphere, Solar Physics},
year = 1982,
volume = 198,
pages = {7P-11P},
}

@ARTICLE{Ruderman2002,
   author = {{Ruderman}, M.~S. and {Roberts}, B.},
    title = "{The Damping of Coronal Loop Oscillations}",
  journal = {\apj},
 keywords = {Magnetohydrodynamics: MHD, Plasmas, Sun: Corona, Waves},
     year = 2002,
    month = sep,
   volume = 577,
    pages = {475-486},
      doi = {10.1086/342130},
   adsurl = {http://adsabs.harvard.edu/abs/2002ApJ...577..475R},
  adsnote = {Provided by the SAO/NASA Astrophysics Data System}
}

@ARTICLE{Ruderman2007,
       author = {{Ruderman}, M.~S.},
        title = "{Nonaxisymmetric Oscillations of Thin Twisted Magnetic Tubes}",
      journal = {\solphys},
         year = 2007,
        month = Nov,
       volume = {246},
        pages = {119-131},
          doi = {10.1007/s11207-007-9024-4},
       adsurl = {https://ui.adsabs.harvard.edu/#abs/2007SoPh..246..119R},
      adsnote = {Provided by the SAO/NASA Astrophysics Data System}
}


@ARTICLE{Ruderman2009,
   author = {{Ruderman}, M.~S. and {Erd{\'e}lyi}, R.},
    title = "{Transverse Oscillations of Coronal Loops}",
  journal = {\ssr},
 keywords = {Sun, Corona, Oscillations, Magnetohydrodynamics},
     year = 2009,
    month = dec,
   volume = 149,
    pages = {199-228},
      doi = {10.1007/s11214-009-9535-4},
   adsurl = {http://adsabs.harvard.edu/abs/2009SSRv..149..199R},
  adsnote = {Provided by the SAO/NASA Astrophysics Data System}
}

@ARTICLE{Ruderman2010,
   author = {{Ruderman}, M.~S.},
    title = "{The Effect of Flows on Transverse Oscillations of Coronal Loops}",
  journal = {Solar Physics},
     year = 2010,
    month = dec,
   volume = 267,
    pages = {377-391},
      doi = {10.1007/s11207-010-9668-3},
}

@ARTICLE{Ruderman2010b,
       author = {{Ruderman}, M.~S. and {Goossens}, M. and {Andries}, J.},
        title = "{Nonlinear propagating kink waves in thin magnetic tubes}",
      journal = {Physics of Plasmas},
     keywords = {kink instability, plasma Alfven waves, 52.35.Bj, 52.50.Gj, 96.60.Ly,
        Magnetohydrodynamic waves, Plasma heating by particle beams,
        Helioseismology pulsations and shock waves},
         year = 2010,
        month = Aug,
       volume = {17},
          eid = {082108},
        pages = {082108},
          doi = {10.1063/1.3464464},
}

@ARTICLE{Ruderman2014,
   author = {{Ruderman}, M.~S. and {Goossens}, M.},
    title = "{Nonlinear Kink Oscillations of Coronal Magnetic Loops}",
  journal = {\solphys},
 keywords = {Sun, Corona, Magnetic fields, Oscillations},
     year = 2014,
    month = jun,
   volume = 289,
    pages = {1999-2020},
      doi = {10.1007/s11207-013-0446-x}
}

@ARTICLE{Ruderman2015a,
       author = {{Ruderman}, M.~S.},
        title = "{Propagating kink waves in thin twisted magnetic tubes with continuous
        equilibrium magnetic field}",
      journal = {\aap},
     keywords = {magnetohydrodynamics (MHD), plasmas, waves, methods: analytical,
        instabilities, magnetic fields},
         year = 2015,
        month = Mar,
       volume = {575},
          eid = {A130},
        pages = {A130},
          doi = {10.1051/0004-6361/201424611},
       adsurl = {https://ui.adsabs.harvard.edu/#abs/2015A&A...575A.130R},
      adsnote = {Provided by the SAO/NASA Astrophysics Data System}
}

@ARTICLE{Ruderman2015b,
       author = {{Ruderman}, M.~S. and {Terradas}, J.},
        title = "{Standing kink oscillations of thin twisted magnetic tubes with
        continuous equilibrium magnetic field}",
      journal = {\aap},
     keywords = {hydrodynamics, magnetohydrodynamics (MHD), plasmas, waves},
         year = 2015,
        month = Aug,
       volume = {580},
          eid = {A57},
        pages = {A57},
          doi = {10.1051/0004-6361/201526168},
       adsurl = {https://ui.adsabs.harvard.edu/#abs/2015A&A...580A..57R},
      adsnote = {Provided by the SAO/NASA Astrophysics Data System}
}

@ARTICLE{Ruderman2017,
   author = {{Ruderman}, M.~S.},
    title = "{Nonlinear Generation of Fluting Perturbations by Kink Mode}",
  journal = {\solphys},
 keywords = {Sun, corona, Magnetic fields, Magnetohydrodynamics, Waves, Oscillations},
     year = 2017,
    month = aug,
   volume = 292,
      eid = {111},
    pages = {111},
      doi = {10.1007/s11207-017-1133-0},
   adsurl = {http://adsabs.harvard.edu/abs/2017SoPh..292..111R},
  adsnote = {Provided by the SAO/NASA Astrophysics Data System}
}

@ARTICLE{Ruderman2018,
   author = {{Ruderman}, M.~S.},
    title = "{Rayleigh-Taylor instability of a magnetic tangential discontinuity in the presence of oscillating gravitational acceleration}",
  journal = {\aap},
 keywords = {Sun, corona, Magnetic fields, Magnetohydrodynamics, Waves, Oscillations},
     year = 2018,
    volume = "in press",
      doi = {10.1007/s11207-017-1133-0},
}

@ARTICLE{Ryutova2010,
   author = {{Ryutova}, M. and {Berger}, T. and {Frank}, Z. and {Tarbell}, T. and 
	{Title}, A.},
    title = "{Observation of Plasma Instabilities in Quiescent Prominences}",
  journal = {Solar Physics},
 keywords = {The Sun: prominences, instabilities},
     year = 2010,
    month = nov,
   volume = 267,
    pages = {75-94},
      doi = {10.1007/s11207-010-9638-9},
}

@BOOK{Ryutova2015,
   author = {{Ryutova}, M.},
    title = "{Physics of Magnetic Flux Tubes}",
 keywords = {Physics},
booktitle = {Physics of Magnetic Flux Tubes: Astrophysics and Space Science Library, Volume 417.~ISBN 978-3-662-45242-4.~Springer-Verlag Berlin Heidelberg, 2015},
     year = 2015,
      doi = {10.1007/978-3-662-45243-1}
}

%
% S
%

@article{Sakai2000,
   author = {{Sakai}, J.~I. and {Mizuhata}, Y. and {Kawata}, T. and {Cramer}, N.~F.},
    title = "{Simulation of Nonlinear Waves in a Magnetic Flux Tube near the Quiet Solar Photospheric Network}",
  journal = {The Astrophysical Journal},
 keywords = {Magnetohydrodynamics: MHD, Sun: Corona, Sun: Magnetic Fields, Sun: Photosphere},
     year = 2000,
   volume = {544},
    pages = {1108-1121}
}

@ARTICLE{Sakanaka1974,
   author = {{Sakanaka}, P.~H. and {Goedbloed}, J.~P.},
    title = "{New approach to magnetohydrodynamic stability: II. Sigma-stable diffuse pinch configurations}",
  journal = {Physics of Fluids},
     year = 1974,
    month = may,
   volume = 17,
    pages = {919-929},
      doi = {10.1063/1.1694832},
   adsurl = {http://adsabs.harvard.edu/abs/1974PhFl...17..919S},
  adsnote = {Provided by the SAO/NASA Astrophysics Data System}
}

@ARTICLE{Sakurai1991,
       author = {{Sakurai}, Takashi and {Goossens}, Marcel and {Hollweg}, Joseph V.},
        title = "{Resonant Behaviour of Magnetohydrodynamic Waves on Magnetic Flux Tubes -
        Part One}",
      journal = {\solphys},
     keywords = {Magnetic Flux, Magnetohydrodynamic Waves, Plasma Resonance, Solar
        Magnetic Field, Solar Oscillations, Magnetic Field
        Configurations, Solar Spectra, Solar Physics},
         year = 1991,
        month = Jun,
       volume = {133},
        pages = {227-245},
          doi = {10.1007/BF00149888},
       adsurl = {https://ui.adsabs.harvard.edu/#abs/1991SoPh..133..227S},
      adsnote = {Provided by the SAO/NASA Astrophysics Data System}
}

@ARTICLE{Schroder2008,
       author = {{Schr{\"o}der}, K. -P. and {Connon Smith}, Robert},
        title = "{Distant future of the Sun and Earth revisited}",
      journal = {\mnras},
     keywords = {Sun: evolution, solar-terrestrial relations, stars: evolution, stars:
        mass-loss, supergiants, white dwarfs, Astrophysics},
         year = 2008,
        month = May,
       volume = {386},
        pages = {155-163},
          doi = {10.1111/j.1365-2966.2008.13022.x},
       adsurl = {https://ui.adsabs.harvard.edu/#abs/2008MNRAS.386..155S},
      adsnote = {Provided by the SAO/NASA Astrophysics Data System}
}

@ARTICLE{Shafranov1958,
   author = {{Shafranov}, V.~D.},
    title = "{On Magnetohydrodynamical Equilibrium Configurations}",
  journal = {Soviet Journal of Experimental and Theoretical Physics},
     year = 1958,
   volume = 6,
    pages = {545},
   adsurl = {http://adsabs.harvard.edu/abs/1958JETP....6..545S},
  adsnote = {Provided by the SAO/NASA Astrophysics Data System}
}

@article{Smyth2012,
	  author = {William D. Smyth and James N. Moum}, 
	  title = "{Ocean Mixing by Kelvin-Helmholtz Instability}",
	  journal = {Oceanography},
	  year = {2012},
	  month = {June},
	  volume = {25}
}

@ARTICLE{Soler2010,
   author = {{Soler}, R. and {Terradas}, J. and {Oliver}, R. and {Ballester}, J.~L. and 
	{Goossens}, M.},
    title = "{Kelvin-Helmholtz Instability in Coronal Magnetic Flux Tubes due to Azimuthal Shear Flows}",
  journal = {The Astrophysical Journal},
 keywords = {magnetic fields, magnetohydrodynamics: MHD, Sun: corona, Sun: oscillations},
     year = 2010,
    month = apr,
   volume = 712,
    pages = {875-882},
      doi = {10.1088/0004-637X/712/2/875},
}

@ARTICLE{Somasundaram1999,
   author = {{Somasundaram}, K. and {Venkatraman}, S. and {Sengottuvel}, M.~P.
	},
    title = "{Hydromagnetic surface waves along compressible cylindrical flux tubes with steady flows}",
  journal = {Plasma Physics and Controlled Fusion},
     year = 1999,
    month = nov,
   volume = 41,
    pages = {1421-1428},
      doi = {10.1088/0741-3335/41/11/308},
}

@ARTICLE{Spiegel1992,
       author = {{Spiegel}, E.~A. and {Zahn}, J. -P.},
        title = "{The solar tachocline.}",
      journal = {\aap},
     keywords = {Solar Convection (Astronomy), Solar Interior, Solar Rotation, Angular
        Momentum, Helioseismology, Stellar Models, Turbulence Effects,
        Turbulent Boundary Layer, Solar Physics},
         year = 1992,
        month = Nov,
       volume = {265},
        pages = {106-114},
       adsurl = {https://ui.adsabs.harvard.edu/#abs/1992A&A...265..106S},
      adsnote = {Provided by the SAO/NASA Astrophysics Data System}
}

@ARTICLE{Spruit1981,
       author = {{Spruit}, H.~C.},
        title = "{Motion of magnetic flux tubes in the solar convection zone and
        chromosphere.}",
      journal = {\aap},
     keywords = {Chromosphere, Compressible Fluids, Equations Of Motion, Gravitational
        Effects, Magnetic Flux, Transverse Waves, Convection, Energy
        Transfer, Magnetic Fields, Transverse Oscillation, Wave
        Propagation, Solar Physics},
         year = 1981,
        month = May,
       volume = {98},
        pages = {155-160},
       adsurl = {https://ui.adsabs.harvard.edu/#abs/1981A&A....98..155S},
      adsnote = {Provided by the SAO/NASA Astrophysics Data System}
}

@ARTICLE{Srivastava2008,
       author = {{Srivastava}, A.~K. and {Zaqarashvili}, T.~V. and {Uddin}, W. and
        {Dwivedi}, B.~N. and {Kumar}, Pankaj},
        title = "{Observation of multiple sausage oscillations in cool post-flare loop}",
      journal = {\mnras},
     keywords = {MHD, waves, Sun: chromosphere, Sun: flares, Sun: oscillations,
        Astrophysics},
         year = 2008,
        month = Aug,
       volume = {388},
        pages = {1899-1903},
          doi = {10.1111/j.1365-2966.2008.13532.x},
       adsurl = {https://ui.adsabs.harvard.edu/#abs/2008MNRAS.388.1899S},
      adsnote = {Provided by the SAO/NASA Astrophysics Data System}
}

@article{Syrovatskii1957,
author = {Syrovatskii, S.I.},
title = {Magnetic Hydrodynamics (in Russian)},
year = {1957},
journal = {Uspekhi Fiz. Nauk},
volume = {62},
number = {7},
pages = {247-303},
doi = {10.3367/UFNr.0062.195707b.0247}
}

%
% T
%

@ARTICLE{Taroyan2002,
   author = {{Taroyan}, Y. and {Erd{\'e}lyi}, R.},
    title = "{Resonant and Kelvin-Helmholtz instabilities on the magnetopause}",
  journal = {Physics of Plasmas},
 keywords = {Electromagnetic wave propagation},
     year = 2002,
    month = jul,
   volume = 9,
    pages = {3121-3129},
      doi = {10.1063/1.1481746},
}

@Article{Taroyan2011,
author="Taroyan, Y.
and Ruderman, M. S.",
title="MHD Waves and Instabilities in Space Plasma Flows",
journal="Space Science Reviews",
year="2011",
month="Jul",
day="01",
volume="158",
number="2",
pages="505--523",
doi="10.1007/s11214-010-9737-9"
}

@ARTICLE{Terra-Homem2003,
   author = {{Terra-Homem}, M. and {Erd{\'e}lyi}, R. and {Ballai}, I.},
    title = "{Linear and non-linear MHD wave propagation in steady-state magnetic cylinders}",
  journal = {Solar Physics},
     year = 2003,
    month = nov,
   volume = 217,
    pages = {199-223},
      doi = {10.1023/B:SOLA.0000006901.22169.59},
}

@ARTICLE{Terradas2004,
   author = {{Terradas}, J. and {Ofman}, L.},
    title = "{Loop Density Enhancement by Nonlinear Magnetohydrodynamic Waves}",
  journal = {\apj},
 keywords = {Magnetohydrodynamics: MHD, Sun: Corona, Sun: Magnetic Fields, Waves},
     year = 2004,
    month = jul,
   volume = 610,
    pages = {523-531},
      doi = {10.1086/421514},
   adsurl = {http://adsabs.harvard.edu/abs/2004ApJ...610..523T},
  adsnote = {Provided by the SAO/NASA Astrophysics Data System}
}

@ARTICLE{Terradas2008,
   author = {{Terradas}, J. and {Andries}, J. and {Goossens}, M. and {Arregui}, I. and 
	{Oliver}, R. and {Ballester}, J.~L.},
    title = "{Nonlinear Instability of Kink Oscillations due to Shear Motions}",
  journal = {\apjl},
archivePrefix = "arXiv",
   eprint = {0809.3664},
 keywords = {MHD, Sun: corona, Sun: magnetic fields, waves },
     year = 2008,
    month = nov,
   volume = 687,
      eid = {L115},
    pages = {L115},
      doi = {10.1086/593203},
   adsurl = {http://adsabs.harvard.edu/abs/2008ApJ...687L.115T},
  adsnote = {Provided by the SAO/NASA Astrophysics Data System}
}

@article{Terradas2018,
  author={J. Terradas and N. Magyar and T. Van Doorsselaere},
  title={Effect of Magnetic Twist on Nonlinear Transverse Kink Oscillations of Line-tied Magnetic Flux Tubes},
  journal={The Astrophysical Journal},
  volume={853},
  number={1},
  pages={35},
  year={2018}
}

@article{Tirry1998,
   author = {{Tirry}, W.~J. and {Cadez}, V.~M. and {Erdelyi}, R. and {Goossens}, M.
	},
    title = "{Resonant flow instability of MHD surface waves}",
  journal = {Astronomy and Astrophysics},
 keywords = {MHD, WAVES, SUN: CORONA, SUN: MAGNETIC FIELDS},
     year = 1998,
    month = apr,
   volume = 332,
    pages = {786-794},
}

@ARTICLE{TVD2004,
   author = {{Van Doorsselaere}, T. and {Andries}, J. and {Poedts}, S. and 
	{Goossens}, M.},
    title = "{Damping of Coronal Loop Oscillations: Calculation of Resonantly Damped Kink Oscillations of One-dimensional Nonuniform Loops}",
  journal = {\apj},
 keywords = {Magnetohydrodynamics: MHD, Sun: Corona, Sun: Magnetic Fields},
     year = 2004,
    month = may,
   volume = 606,
    pages = {1223-1232},
      doi = {10.1086/383191},
   adsurl = {http://adsabs.harvard.edu/abs/2004ApJ...606.1223V},
  adsnote = {Provided by the SAO/NASA Astrophysics Data System}
}

%
% U
%

%
% V
%

@ARTICLE{Vasheghani2010,
       author = {{Vasheghani Farahani}, S. and {Nakariakov}, V.~M. and {van
        Doorsselaere}, T.},
        title = "{Long-wavelength torsional modes of solar coronal plasma structures}",
      journal = {\aap},
     keywords = {magnetohydrodynamics (MHD), waves, Sun: corona, Sun: activity},
         year = 2010,
        month = Jul,
       volume = {517},
          eid = {A29},
        pages = {A29},
          doi = {10.1051/0004-6361/201014502},
       adsurl = {https://ui.adsabs.harvard.edu/#abs/2010A&A...517A..29V},
      adsnote = {Provided by the SAO/NASA Astrophysics Data System}
}

@ARTICLE{Vernazza1981,
       author = {{Vernazza}, J.~E. and {Avrett}, E.~H. and {Loeser}, R.},
        title = "{Structure of the solar chromosphere. III. Models of the EUV brightness
        components of the quiet sun.}",
      journal = {The Astrophysical Journal Supplement Series},
     keywords = {Atmospheric Models, Brightness Temperature, Chromosphere, Extreme
        Ultraviolet Radiation, Nonequilibrium Thermodynamics, Radiative
        Heat Transfer, Solar Atmosphere, Ultraviolet Spectra,
        Atmospheric Heating, Atomic Energy Levels, Carbon, Graphs
        (Charts), Hydrogen Atoms, Iron, Lyman Spectra, Solar
        Temperature, Tables (Data), Solar Physics},
         year = 1981,
        month = Apr,
       volume = {45},
        pages = {635-725},
          doi = {10.1086/190731},
       adsurl = {https://ui.adsabs.harvard.edu/#abs/1981ApJS...45..635V},
      adsnote = {Provided by the SAO/NASA Astrophysics Data System}
}

@article{Vietri1997,
  title="{The survival of interstellar clouds against Kelvin-Helmholtz instabilities}",
  author={Vietri, Mario and Ferrara, Andrea and Miniati, Francesco},
  journal={The Astrophysical Journal},
  volume={483},
  number={1},
  pages={262},
  year={1997},
  publisher={IOP Publishing}
}

%
% W
%

@article{Wang2001,
  author={Chih-Yueh Wang and Roger A. Chevalier},
  title={Instabilities and Clumping in Type Ia Supernova Remnants},
  journal={The Astrophysical Journal},
  volume={549},
  number={2},
  pages={1119},
  year={2001}
}

@article{Wang2011,
year={2011},
issn={0038-6308},
journal={Space Science Reviews},
volume={158},
title={Standing Slow-Mode Waves in Hot Coronal Loops: Observations, Modeling, and Coronal Seismology},
publisher={Springer Netherlands},
keywords={Solar activity; Solar corona; Coronal seismology; Coronal loops},
author={Wang, Tongjiang},
pages={397-419},
language={English}
}

@ARTICLE{Wentzel1979,
       author = {{Wentzel}, D.~G.},
        title = "{Hydromagnetic surface waves on cylindrical fluxtubes.}",
      journal = {\aap},
     keywords = {Magnetohydrodynamic Waves, Photosphere, Rotating Cylinders, Solar
        Magnetic Field, Solar Physics, Surface Waves, Bessel Functions,
        Discontinuity, Electrostatic Waves, Magnetic Flux, Plane Waves,
        Plasma Cylinders, Stellar Models, Wave Equations, Solar Physics,
        Magnetohydrodynamics:Sun},
         year = 1979,
        month = Jun,
       volume = {76},
        pages = {20-23},
       adsurl = {https://ui.adsabs.harvard.edu/#abs/1979A&A....76...20W},
      adsnote = {Provided by the SAO/NASA Astrophysics Data System}
}

@Article{Williamson2014,
author="Williamson, A.
and Erd{\'e}lyi, R.",
title="Resonant Damping of Propagating Kink Waves in Time-Dependent Magnetic Flux Tube",
journal="Solar Physics",
year="2014",
month="Nov",
day="01",
volume="289",
number="11",
pages="4105--4115",
issn="1573-093X",
doi="10.1007/s11207-014-0569-8",
}

@ARTICLE{Wilson1978,
       author = {{Wilson}, P.~R.},
        title = "{Wave modes in a magnetic flux sheath.}",
      journal = {\apj},
     keywords = {Astrophysics, Magnetic Effects, Magnetic Flux, Magnetohydrodynamic
        Waves, Plasma Sheaths, Propagation Modes, Wave Propagation,
        Atmospheric Models, Magnetic Fields, Astrophysics,
        Hydromagnetics},
         year = 1978,
        month = Apr,
       volume = {221},
        pages = {672-676},
          doi = {10.1086/156071},
       adsurl = {https://ui.adsabs.harvard.edu/#abs/1978ApJ...221..672W},
      adsnote = {Provided by the SAO/NASA Astrophysics Data System}
}

@ARTICLE{Wilson1979,
       author = {{Wilson}, P.~R.},
        title = "{Hydromagnetic wave modes in magnetic flux tubes.}",
      journal = {\aap},
     keywords = {Magnetic Flux, Magnetohydrodynamic Waves, Propagation Modes, Solar
        Atmosphere, Solar Magnetic Field, Atmospheric Stratification,
        Photosphere, Solar Corona, Vibration Mode, Solar Physics,
        Magnetohydrodynamics},
         year = 1979,
        month = Jan,
       volume = {71},
        pages = {9-13},
       adsurl = {https://ui.adsabs.harvard.edu/#abs/1979A&A....71....9W},
      adsnote = {Provided by the SAO/NASA Astrophysics Data System}
}

%
% X
%

%
% Y
%

@ARTICLE{Yi2001,
       author = {{Yi}, Sukyoung and {Demarque}, Pierre and {Kim}, Yong-Cheol and {Lee},
        Young-Wook and {Ree}, Chang H. and {Lejeune}, Thibault and
        {Barnes}, Sydney},
        title = "{Toward Better Age Estimates for Stellar Populations: The Y<SUP>2</SUP>
        Isochrones for Solar Mixture}",
      journal = {The Astrophysical Journal Supplement Series},
     keywords = {Cosmology: Theory, Galaxy: Globular Clusters: General, Stars:
        Abundances, Stars: Evolution, Stars: Interiors, Astrophysics},
         year = 2001,
        month = Oct,
       volume = {136},
        pages = {417-437},
          doi = {10.1086/321795},
       adsurl = {https://ui.adsabs.harvard.edu/#abs/2001ApJS..136..417Y},
      adsnote = {Provided by the SAO/NASA Astrophysics Data System}
}

%
% Z
%

@ARTICLE{Zaqarashvili2000,
   author = {{Zaqarashvili}, T.~V.},
    title = "{Parametric resonance in ideal magnetohydrodynamics}",
  journal = {\pre},
 keywords = {Magnetohydrodynamic waves},
     year = 2000,
    month = aug,
   volume = 62,
    pages = {2745-2753},
      doi = {10.1103/PhysRevE.62.2745},
   adsurl = {http://adsabs.harvard.edu/abs/2000PhRvE..62.2745Z},
  adsnote = {Provided by the SAO/NASA Astrophysics Data System}
}

@ARTICLE{Zaqarashvili2002,
   author = {{Zaqarashvili}, T.~V. and {Oliver}, R. and {Ballester}, J.~L.
	},
    title = "{Parametric Amplification of Magnetosonic Waves by an External, Transversal, Periodic Action}",
  journal = {\apj},
 keywords = {Magnetic Fields, Methods: Analytical, Methods: Numerical, Magnetohydrodynamics: MHD},
     year = 2002,
    month = apr,
   volume = 569,
    pages = {519-530},
      doi = {10.1086/339288},
   adsurl = {http://adsabs.harvard.edu/abs/2002ApJ...569..519Z},
  adsnote = {Provided by the SAO/NASA Astrophysics Data System}
}

@ARTICLE{Zaqarashvili2005,
   author = {{Zaqarashvili}, T.~V. and {Oliver}, R. and {Ballester}, J.~L.
	},
    title = "{Parametric excitation of slow magnetoacoustic waves in the solar corona due to photospheric periodic motions}",
  journal = {\aap},
 keywords = {magnetohydrodynamics (MHD), Sun: corona, Sun: oscillations},
     year = 2005,
    month = apr,
   volume = 433,
    pages = {357-364},
      doi = {10.1051/0004-6361:20041696},
   adsurl = {http://adsabs.harvard.edu/abs/2005A%26A...433..357Z},
  adsnote = {Provided by the SAO/NASA Astrophysics Data System}
}

@ARTICLE{Zaqarashvili2010,
   author = {{Zaqarashvili}, T.~V. and {D{\'{\i}}az}, A.~J. and {Oliver}, R. and 
	{Ballester}, J.~L.},
    title = "{Instability of twisted magnetic tubes with axial mass flows}",
  journal = {\aap},
 keywords = {magnetohydrodynamics (MHD), instabilities, Sun: atmosphere},
     year = 2010,
    month = jun,
   volume = 516,
      eid = {A84},
    pages = {A84},
      doi = {10.1051/0004-6361/200913874},
   adsurl = {http://adsabs.harvard.edu/abs/2010A%26A...516A..84Z},
  adsnote = {Provided by the SAO/NASA Astrophysics Data System}
}

@ARTICLE{Zaqarashvili2014a,
   author = {{Zaqarashvili}, T.~V. and {V{\"o}r{\"o}s}, Z. and {Zhelyazkov}, I.
	},
    title = "{Kelvin-Helmholtz instability of twisted magnetic flux tubes in the solar wind}",
  journal = {\aap},
archivePrefix = "arXiv",
   eprint = {1311.4383},
 primaryClass = "astro-ph.SR",
 keywords = {solar wind, Sun: magnetic fields, instabilities, turbulence},
     year = 2014,
    month = jan,
   volume = 561,
      eid = {A62},
    pages = {A62},
      doi = {10.1051/0004-6361/201322808},
   adsurl = {http://adsabs.harvard.edu/abs/2014A%26A...561A..62Z},
  adsnote = {Provided by the SAO/NASA Astrophysics Data System}
}

@ARTICLE{Zaqarashvili2014b,
       author = {{Zaqarashvili}, Teimuraz V. and {V{\"o}r{\"o}s}, Zolt{\'a}n and
        {Narita}, Yasuhito and {Bruno}, Roberto},
        title = "{Twisted Magnetic Flux Tubes in the Solar Wind}",
      journal = {\apj},
     keywords = {magnetohydrodynamics: MHD, methods: data analysis, solar wind,
        Astrophysics - Solar and Stellar Astrophysics, Physics - Space
        Physics},
         year = 2014,
        month = Mar,
       volume = {783},
          eid = {L19},
        pages = {L19},
          doi = {10.1088/2041-8205/783/1/L19},
       adsurl = {https://ui.adsabs.harvard.edu/#abs/2014ApJ...783L..19Z},
      adsnote = {Provided by the SAO/NASA Astrophysics Data System}
}

@ARTICLE{Zaqarashvili2015,
   author = {{Zaqarashvili}, T.~V. and {Zhelyazkov}, I. and {Ofman}, L.},
    title = "{Stability of Rotating Magnetized Jets in the Solar Atmosphere. I. Kelvin-Helmholtz Instability}",
  journal = {\apj},
archivePrefix = "arXiv",
   eprint = {1510.01108},
 primaryClass = "astro-ph.SR",
 keywords = {Sun: atmosphere, Sun: oscillations},
     year = 2015,
    month = nov,
   volume = 813,
      eid = {123},
    pages = {123},
      doi = {10.1088/0004-637X/813/2/123},
   adsurl = {http://adsabs.harvard.edu/abs/2015ApJ...813..123Z},
  adsnote = {Provided by the SAO/NASA Astrophysics Data System}
}

@BOOK{Zeilik1998,
       author = {{Zeilik}, Michael and {Gregory}, Stephen},
        title = "{Introductory Astronomy and Astrophysics}",
    booktitle = {Introductory Astronomy and Astrophysics, 4/e, published by Harcourt
        College Publishers, 1998; ISBN number: 0-03-006228-4},
         year = 1998,
       adsurl = {https://ui.adsabs.harvard.edu/#abs/1998iaa..book.....Z},
      adsnote = {Provided by the SAO/NASA Astrophysics Data System}
}

@ARTICLE{Zhelyazkov2012,
       author = {{Zhelyazkov}, I. and {Zaqarashvili}, T.~V.},
        title = "{Kelvin-Helmholtz instability of kink waves in photospheric twisted flux
        tubes}",
      journal = {\aap},
     keywords = {magnetohydrodynamics (MHD), waves, plasmas, magnetic fields, methods:
        numerical, Astrophysics - Solar and Stellar Astrophysics},
         year = 2012,
        month = Nov,
       volume = {547},
          eid = {A14},
        pages = {A14},
          doi = {10.1051/0004-6361/201219512},
       adsurl = {https://ui.adsabs.harvard.edu/#abs/2012A&A...547A..14Z},
      adsnote = {Provided by the SAO/NASA Astrophysics Data System}
}

@ARTICLE{Zhelyazkov2015,
   author = {{Zhelyazkov}, I.},
    title = "{On Modeling the Kelvin-Helmholtz Instability in Solar Atmosphere}",
  journal = {Journal of Astrophysics and Astronomy},
archivePrefix = "arXiv",
   eprint = {1411.6472},
 keywords = {MHD waves, Kelvin, Helmholtz instability, coronal mass ejections.},
     year = 2015,
    month = mar,
   volume = 36,
    pages = {233-254},
      doi = {10.1007/s12036-015-9332-2}
}

@article{Zhelyazkov2018,
title = "Kelvin‚ÄìHelmholtz instability in a twisting solar polar coronal hole jet observed by SDO/AIA",
journal = "Advances in Space Research",
volume = "61",
number = "2",
pages = "628 - 638",
year = "2018",
note = "{MHD Wave Phenomena in the Solar Interior and Atmosphere}",
issn = "0273-1177",
doi = "https://doi.org/10.1016/j.asr.2017.06.003",
author = "I. Zhelyazkov and T.V. Zaqarashvili and L. Ofman and R. Chandra",
keywords = "Magnetohydrodynamics, Waves, Instabilities, Twisting coronal hole jets, Numerical methods"
}

@ARTICLE{Zsamberger2018,
       author = {{Zs{\'a}mberger}, No{\'e}mi Kinga and {Allcock}, Matthew and
        {Erd{\'e}lyi}, R{\'o}bert},
        title = "{Magneto-acoustic Waves in a Magnetic Slab Embedded in an Asymmetric
        Magnetic Environment: The Effects of Asymmetry}",
      journal = {\apj},
     keywords = {magnetohydrodynamics: MHD, Sun: corona, Sun: magnetic fields, Sun:
        photosphere, Sun: oscillations, waves},
         year = 2018,
        month = Feb,
       volume = {853},
          eid = {136},
        pages = {136},
          doi = {10.3847/1538-4357/aa9ffe},
       adsurl = {https://ui.adsabs.harvard.edu/#abs/2018ApJ...853..136K},
      adsnote = {Provided by the SAO/NASA Astrophysics Data System}
}
